%YAML 1.1
%TAG !u! tag:unity3d.com,2011:
--- !u!1 &344266319579555598
GameObject:
  m_ObjectHideFlags: 0
  m_CorrespondingSourceObject: {fileID: 0}
  m_PrefabInstance: {fileID: 0}
  m_PrefabAsset: {fileID: 0}
  serializedVersion: 6
  m_Component:
  - component: {fileID: 3738459944567086167}
  m_Layer: 0
  m_Name: MiningAnchor
  m_TagString: Untagged
  m_Icon: {fileID: 0}
  m_NavMeshLayer: 0
  m_StaticEditorFlags: 0
  m_IsActive: 1
--- !u!4 &3738459944567086167
Transform:
  m_ObjectHideFlags: 0
  m_CorrespondingSourceObject: {fileID: 0}
  m_PrefabInstance: {fileID: 0}
  m_PrefabAsset: {fileID: 0}
  m_GameObject: {fileID: 344266319579555598}
  m_LocalRotation: {x: 0, y: 0, z: 0, w: 1}
  m_LocalPosition: {x: -1.5, y: 1.5, z: -1}
  m_LocalScale: {x: 1, y: 1, z: 1}
  m_Children: []
  m_Father: {fileID: 5173514773942223503}
  m_RootOrder: 2
  m_LocalEulerAnglesHint: {x: 0, y: 0, z: 0}
--- !u!1 &5173514772926961425
GameObject:
  m_ObjectHideFlags: 0
  m_CorrespondingSourceObject: {fileID: 0}
  m_PrefabInstance: {fileID: 0}
  m_PrefabAsset: {fileID: 0}
  serializedVersion: 6
  m_Component:
  - component: {fileID: 5173514772926961430}
  m_Layer: 0
  m_Name: OutpostAnchor
  m_TagString: Untagged
  m_Icon: {fileID: 0}
  m_NavMeshLayer: 0
  m_StaticEditorFlags: 0
  m_IsActive: 1
--- !u!4 &5173514772926961430
Transform:
  m_ObjectHideFlags: 0
  m_CorrespondingSourceObject: {fileID: 0}
  m_PrefabInstance: {fileID: 0}
  m_PrefabAsset: {fileID: 0}
  m_GameObject: {fileID: 5173514772926961425}
  m_LocalRotation: {x: 0, y: 0, z: 0, w: 1}
  m_LocalPosition: {x: 1.18, y: -2.44, z: 0}
  m_LocalScale: {x: 1, y: 1, z: 1}
  m_Children:
  - {fileID: 1569007220585638930}
  m_Father: {fileID: 5173514773942223503}
  m_RootOrder: 1
  m_LocalEulerAnglesHint: {x: 0, y: 0, z: 0}
--- !u!1 &5173514773942223502
GameObject:
  m_ObjectHideFlags: 0
  m_CorrespondingSourceObject: {fileID: 0}
  m_PrefabInstance: {fileID: 0}
  m_PrefabAsset: {fileID: 0}
  serializedVersion: 6
  m_Component:
  - component: {fileID: 5173514773942223503}
  - component: {fileID: 4448719476119669773}
  - component: {fileID: 4730475835540752238}
  - component: {fileID: 7673993546126013490}
  m_Layer: 0
  m_Name: Asteroid3
  m_TagString: Untagged
  m_Icon: {fileID: 0}
  m_NavMeshLayer: 0
  m_StaticEditorFlags: 0
  m_IsActive: 1
--- !u!4 &5173514773942223503
Transform:
  m_ObjectHideFlags: 0
  m_CorrespondingSourceObject: {fileID: 0}
  m_PrefabInstance: {fileID: 0}
  m_PrefabAsset: {fileID: 0}
  m_GameObject: {fileID: 5173514773942223502}
  m_LocalRotation: {x: 0, y: 0, z: 0, w: 1}
  m_LocalPosition: {x: -0.74, y: 5.37, z: 0}
  m_LocalScale: {x: 1, y: 1, z: 1}
  m_Children:
  - {fileID: 5170932763800810664}
  - {fileID: 5173514772926961430}
  - {fileID: 3738459944567086167}
  - {fileID: 5124487904604080182}
  - {fileID: 519109390625558201}
  - {fileID: 6996394697795503138}
  m_Father: {fileID: 0}
  m_RootOrder: 0
  m_LocalEulerAnglesHint: {x: 0, y: 0, z: 0}
--- !u!114 &4448719476119669773
MonoBehaviour:
  m_ObjectHideFlags: 0
  m_CorrespondingSourceObject: {fileID: 0}
  m_PrefabInstance: {fileID: 0}
  m_PrefabAsset: {fileID: 0}
  m_GameObject: {fileID: 5173514773942223502}
  m_Enabled: 1
  m_EditorHideFlags: 0
  m_Script: {fileID: 11500000, guid: 2d19a8c68b7fc1e4683691b664760f62, type: 3}
  m_Name: 
  m_EditorClassIdentifier: 
  resourceYields:
  - 0
  - 0
  - 0
  - 0
  - 0
  minMiningDist: 0.75
  maxMiningDist: 1.25
  minLaserDist: 0.125
  maxLaserDist: 0.4
  rotationalRandom: 5
  state: 0
  outpostAnchor: {fileID: 5173514772926961430}
  miningStationAnchor: {fileID: 3738459944567086167}
  asteroidObject: {fileID: 5170932763800810664}
  rockID: greyRock
  spriteIndex: 0
  debrisIndex: 1
  prefabIndex: 3
  asteroidSprite: {fileID: 21300000, guid: 9617f05be7aff8d49b463c814f7197ab, type: 3}
  onCompleteLayer:
    m_PersistentCalls:
      m_Calls: []
  onCompleteAsteroid:
    m_PersistentCalls:
      m_Calls: []
  tutorialAnchor: {fileID: 5124487904604080182}
  asteroidAudio: {fileID: 1111929292071257554}
  debrisSpawn: {fileID: 8300000, guid: 4fe9636a1ec49584699c2b4abe93368b, type: 3}
  completionReward:
    rewardType: 0
    rewardMagnitude: 0
  layers:
  - {fileID: 8837241131585799257}
  - {fileID: 5895947717484262472}
  - {fileID: 8830436774935132522}
  - {fileID: 2148853149501583909}
  - {fileID: 4946171519850310246}
  outpostPreview: {fileID: 8073306236983902203}
--- !u!114 &4730475835540752238
MonoBehaviour:
  m_ObjectHideFlags: 0
  m_CorrespondingSourceObject: {fileID: 0}
  m_PrefabInstance: {fileID: 0}
  m_PrefabAsset: {fileID: 0}
  m_GameObject: {fileID: 5173514773942223502}
  m_Enabled: 1
  m_EditorHideFlags: 0
  m_Script: {fileID: 11500000, guid: 99839a15c3e30fb4a992563a508eaaa0, type: 3}
  m_Name: 
  m_EditorClassIdentifier: 
  onClick:
    m_PersistentCalls:
      m_Calls:
      - m_Target: {fileID: 4448719476119669773}
        m_TargetAssemblyTypeName: Core.Gameplay.Asteroids.Asteroid, Assembly-CSharp
        m_MethodName: OpenAsteroidInfo
        m_Mode: 1
        m_Arguments:
          m_ObjectArgument: {fileID: 0}
          m_ObjectArgumentAssemblyTypeName: UnityEngine.Object, UnityEngine
          m_IntArgument: 0
          m_FloatArgument: 0
          m_StringArgument: 
          m_BoolArgument: 0
        m_CallState: 2
--- !u!135 &7673993546126013490
SphereCollider:
  m_ObjectHideFlags: 0
  m_CorrespondingSourceObject: {fileID: 0}
  m_PrefabInstance: {fileID: 0}
  m_PrefabAsset: {fileID: 0}
  m_GameObject: {fileID: 5173514773942223502}
  m_Material: {fileID: 0}
  m_IsTrigger: 0
  m_Enabled: 1
  serializedVersion: 2
  m_Radius: 0.5
  m_Center: {x: 0, y: 0, z: 0}
--- !u!1 &6714325523396209270
GameObject:
  m_ObjectHideFlags: 0
  m_CorrespondingSourceObject: {fileID: 0}
  m_PrefabInstance: {fileID: 0}
  m_PrefabAsset: {fileID: 0}
  serializedVersion: 6
  m_Component:
  - component: {fileID: 5124487904604080182}
  m_Layer: 0
  m_Name: TutorialAnchor
  m_TagString: Untagged
  m_Icon: {fileID: 0}
  m_NavMeshLayer: 0
  m_StaticEditorFlags: 0
  m_IsActive: 1
--- !u!4 &5124487904604080182
Transform:
  m_ObjectHideFlags: 0
  m_CorrespondingSourceObject: {fileID: 0}
  m_PrefabInstance: {fileID: 0}
  m_PrefabAsset: {fileID: 0}
  m_GameObject: {fileID: 6714325523396209270}
  m_LocalRotation: {x: -0, y: -0, z: -0, w: 1}
  m_LocalPosition: {x: 0, y: -2, z: 0}
  m_LocalScale: {x: 1, y: 1, z: 1}
  m_Children: []
  m_Father: {fileID: 5173514773942223503}
  m_RootOrder: 3
  m_LocalEulerAnglesHint: {x: 0, y: 0, z: 0}
--- !u!1001 &5173514774463529408
PrefabInstance:
  m_ObjectHideFlags: 0
  serializedVersion: 2
  m_Modification:
    m_TransformParent: {fileID: 5173514773942223503}
    m_Modifications:
    - target: {fileID: 1899235278336132, guid: c34d558a36df0468c95514a459707a72, type: 3}
      propertyPath: m_Name
      value: BrownRock
      objectReference: {fileID: 0}
    - target: {fileID: 1899235278336132, guid: c34d558a36df0468c95514a459707a72, type: 3}
      propertyPath: m_IsActive
      value: 1
      objectReference: {fileID: 0}
    - target: {fileID: 4173425289786728, guid: c34d558a36df0468c95514a459707a72, type: 3}
      propertyPath: m_RootOrder
      value: 0
      objectReference: {fileID: 0}
    - target: {fileID: 4173425289786728, guid: c34d558a36df0468c95514a459707a72, type: 3}
      propertyPath: m_LocalScale.x
      value: 1
      objectReference: {fileID: 0}
    - target: {fileID: 4173425289786728, guid: c34d558a36df0468c95514a459707a72, type: 3}
      propertyPath: m_LocalScale.y
      value: 1
      objectReference: {fileID: 0}
    - target: {fileID: 4173425289786728, guid: c34d558a36df0468c95514a459707a72, type: 3}
      propertyPath: m_LocalScale.z
      value: 1
      objectReference: {fileID: 0}
    - target: {fileID: 4173425289786728, guid: c34d558a36df0468c95514a459707a72, type: 3}
      propertyPath: m_LocalPosition.x
      value: 0
      objectReference: {fileID: 0}
    - target: {fileID: 4173425289786728, guid: c34d558a36df0468c95514a459707a72, type: 3}
      propertyPath: m_LocalPosition.y
      value: 0
      objectReference: {fileID: 0}
    - target: {fileID: 4173425289786728, guid: c34d558a36df0468c95514a459707a72, type: 3}
      propertyPath: m_LocalPosition.z
      value: 1.5
      objectReference: {fileID: 0}
    - target: {fileID: 4173425289786728, guid: c34d558a36df0468c95514a459707a72, type: 3}
      propertyPath: m_LocalRotation.w
      value: 1
      objectReference: {fileID: 0}
    - target: {fileID: 4173425289786728, guid: c34d558a36df0468c95514a459707a72, type: 3}
      propertyPath: m_LocalRotation.x
      value: -0
      objectReference: {fileID: 0}
    - target: {fileID: 4173425289786728, guid: c34d558a36df0468c95514a459707a72, type: 3}
      propertyPath: m_LocalRotation.y
      value: -0
      objectReference: {fileID: 0}
    - target: {fileID: 4173425289786728, guid: c34d558a36df0468c95514a459707a72, type: 3}
      propertyPath: m_LocalRotation.z
      value: -0
      objectReference: {fileID: 0}
    - target: {fileID: 4173425289786728, guid: c34d558a36df0468c95514a459707a72, type: 3}
      propertyPath: m_LocalEulerAnglesHint.x
      value: 0
      objectReference: {fileID: 0}
    - target: {fileID: 4173425289786728, guid: c34d558a36df0468c95514a459707a72, type: 3}
      propertyPath: m_LocalEulerAnglesHint.y
      value: 0
      objectReference: {fileID: 0}
    - target: {fileID: 4173425289786728, guid: c34d558a36df0468c95514a459707a72, type: 3}
      propertyPath: m_LocalEulerAnglesHint.z
      value: 0
      objectReference: {fileID: 0}
    - target: {fileID: 65430116029952224, guid: c34d558a36df0468c95514a459707a72,
        type: 3}
      propertyPath: m_Enabled
      value: 0
      objectReference: {fileID: 0}
    - target: {fileID: 212789406765002008, guid: c34d558a36df0468c95514a459707a72,
        type: 3}
      propertyPath: m_Sprite
      value: 
      objectReference: {fileID: 21300000, guid: a3e65d7d8845643ee8d9fc36abd229a2,
        type: 3}
    - target: {fileID: 212789406765002008, guid: c34d558a36df0468c95514a459707a72,
        type: 3}
      propertyPath: m_SortingOrder
      value: -5
      objectReference: {fileID: 0}
    m_RemovedComponents:
    - {fileID: 114321727370601514, guid: c34d558a36df0468c95514a459707a72, type: 3}
  m_SourcePrefab: {fileID: 100100000, guid: c34d558a36df0468c95514a459707a72, type: 3}
--- !u!4 &5170932763800810664 stripped
Transform:
  m_CorrespondingSourceObject: {fileID: 4173425289786728, guid: c34d558a36df0468c95514a459707a72,
    type: 3}
  m_PrefabInstance: {fileID: 5173514774463529408}
  m_PrefabAsset: {fileID: 0}
--- !u!1001 &5690156833923871794
PrefabInstance:
  m_ObjectHideFlags: 0
  serializedVersion: 2
  m_Modification:
    m_TransformParent: {fileID: 5173514772926961430}
    m_Modifications:
    - target: {fileID: 6567424753171976368, guid: 802edca158cdab14d9f1c331b39afff9,
        type: 3}
      propertyPath: m_Name
      value: OutpostPreview
      objectReference: {fileID: 0}
    - target: {fileID: 6567424753171976368, guid: 802edca158cdab14d9f1c331b39afff9,
        type: 3}
      propertyPath: m_IsActive
      value: 0
      objectReference: {fileID: 0}
    - target: {fileID: 6571108919300364320, guid: 802edca158cdab14d9f1c331b39afff9,
        type: 3}
      propertyPath: m_RootOrder
      value: 0
      objectReference: {fileID: 0}
    - target: {fileID: 6571108919300364320, guid: 802edca158cdab14d9f1c331b39afff9,
        type: 3}
      propertyPath: m_LocalPosition.x
      value: 0
      objectReference: {fileID: 0}
    - target: {fileID: 6571108919300364320, guid: 802edca158cdab14d9f1c331b39afff9,
        type: 3}
      propertyPath: m_LocalPosition.y
      value: 0
      objectReference: {fileID: 0}
    - target: {fileID: 6571108919300364320, guid: 802edca158cdab14d9f1c331b39afff9,
        type: 3}
      propertyPath: m_LocalPosition.z
      value: 0
      objectReference: {fileID: 0}
    - target: {fileID: 6571108919300364320, guid: 802edca158cdab14d9f1c331b39afff9,
        type: 3}
      propertyPath: m_LocalRotation.w
      value: 0.7071068
      objectReference: {fileID: 0}
    - target: {fileID: 6571108919300364320, guid: 802edca158cdab14d9f1c331b39afff9,
        type: 3}
      propertyPath: m_LocalRotation.x
      value: -0
      objectReference: {fileID: 0}
    - target: {fileID: 6571108919300364320, guid: 802edca158cdab14d9f1c331b39afff9,
        type: 3}
      propertyPath: m_LocalRotation.y
      value: 0
      objectReference: {fileID: 0}
    - target: {fileID: 6571108919300364320, guid: 802edca158cdab14d9f1c331b39afff9,
        type: 3}
      propertyPath: m_LocalRotation.z
      value: -0.7071068
      objectReference: {fileID: 0}
    - target: {fileID: 6571108919300364320, guid: 802edca158cdab14d9f1c331b39afff9,
        type: 3}
      propertyPath: m_LocalEulerAnglesHint.x
      value: 0
      objectReference: {fileID: 0}
    - target: {fileID: 6571108919300364320, guid: 802edca158cdab14d9f1c331b39afff9,
        type: 3}
      propertyPath: m_LocalEulerAnglesHint.y
      value: 0
      objectReference: {fileID: 0}
    - target: {fileID: 6571108919300364320, guid: 802edca158cdab14d9f1c331b39afff9,
        type: 3}
      propertyPath: m_LocalEulerAnglesHint.z
      value: -90
      objectReference: {fileID: 0}
    m_RemovedComponents: []
  m_SourcePrefab: {fileID: 100100000, guid: 802edca158cdab14d9f1c331b39afff9, type: 3}
--- !u!4 &1569007220585638930 stripped
Transform:
  m_CorrespondingSourceObject: {fileID: 6571108919300364320, guid: 802edca158cdab14d9f1c331b39afff9,
    type: 3}
  m_PrefabInstance: {fileID: 5690156833923871794}
  m_PrefabAsset: {fileID: 0}
--- !u!114 &8073306236983902203 stripped
MonoBehaviour:
  m_CorrespondingSourceObject: {fileID: 4538883237632920521, guid: 802edca158cdab14d9f1c331b39afff9,
    type: 3}
  m_PrefabInstance: {fileID: 5690156833923871794}
  m_PrefabAsset: {fileID: 0}
  m_GameObject: {fileID: 0}
  m_Enabled: 1
  m_EditorHideFlags: 0
  m_Script: {fileID: 11500000, guid: bde53e830deb431f8a527548d14f4a87, type: 3}
  m_Name: 
  m_EditorClassIdentifier: 
--- !u!1001 &7376998335990263195
PrefabInstance:
  m_ObjectHideFlags: 0
  serializedVersion: 2
  m_Modification:
    m_TransformParent: {fileID: 5173514773942223503}
    m_Modifications:
    - target: {fileID: 4873219609831977940, guid: 2ecf671a6a9155a4890fe7f957aa17bf,
        type: 3}
      propertyPath: m_Name
      value: AsteroidAudio
      objectReference: {fileID: 0}
    - target: {fileID: 7013340313155969826, guid: 2ecf671a6a9155a4890fe7f957aa17bf,
        type: 3}
      propertyPath: m_RootOrder
      value: 4
      objectReference: {fileID: 0}
    - target: {fileID: 7013340313155969826, guid: 2ecf671a6a9155a4890fe7f957aa17bf,
        type: 3}
      propertyPath: m_LocalPosition.x
      value: 0
      objectReference: {fileID: 0}
    - target: {fileID: 7013340313155969826, guid: 2ecf671a6a9155a4890fe7f957aa17bf,
        type: 3}
      propertyPath: m_LocalPosition.y
      value: 0
      objectReference: {fileID: 0}
    - target: {fileID: 7013340313155969826, guid: 2ecf671a6a9155a4890fe7f957aa17bf,
        type: 3}
      propertyPath: m_LocalPosition.z
      value: 0
      objectReference: {fileID: 0}
    - target: {fileID: 7013340313155969826, guid: 2ecf671a6a9155a4890fe7f957aa17bf,
        type: 3}
      propertyPath: m_LocalRotation.w
      value: 1
      objectReference: {fileID: 0}
    - target: {fileID: 7013340313155969826, guid: 2ecf671a6a9155a4890fe7f957aa17bf,
        type: 3}
      propertyPath: m_LocalRotation.x
      value: 0
      objectReference: {fileID: 0}
    - target: {fileID: 7013340313155969826, guid: 2ecf671a6a9155a4890fe7f957aa17bf,
        type: 3}
      propertyPath: m_LocalRotation.y
      value: 0
      objectReference: {fileID: 0}
    - target: {fileID: 7013340313155969826, guid: 2ecf671a6a9155a4890fe7f957aa17bf,
        type: 3}
      propertyPath: m_LocalRotation.z
      value: 0
      objectReference: {fileID: 0}
    - target: {fileID: 7013340313155969826, guid: 2ecf671a6a9155a4890fe7f957aa17bf,
        type: 3}
      propertyPath: m_LocalEulerAnglesHint.x
      value: 0
      objectReference: {fileID: 0}
    - target: {fileID: 7013340313155969826, guid: 2ecf671a6a9155a4890fe7f957aa17bf,
        type: 3}
      propertyPath: m_LocalEulerAnglesHint.y
      value: 0
      objectReference: {fileID: 0}
    - target: {fileID: 7013340313155969826, guid: 2ecf671a6a9155a4890fe7f957aa17bf,
        type: 3}
      propertyPath: m_LocalEulerAnglesHint.z
      value: 0
      objectReference: {fileID: 0}
    m_RemovedComponents: []
  m_SourcePrefab: {fileID: 100100000, guid: 2ecf671a6a9155a4890fe7f957aa17bf, type: 3}
--- !u!4 &519109390625558201 stripped
Transform:
  m_CorrespondingSourceObject: {fileID: 7013340313155969826, guid: 2ecf671a6a9155a4890fe7f957aa17bf,
    type: 3}
  m_PrefabInstance: {fileID: 7376998335990263195}
  m_PrefabAsset: {fileID: 0}
--- !u!82 &1111929292071257554 stripped
AudioSource:
  m_CorrespondingSourceObject: {fileID: 7569989303692601417, guid: 2ecf671a6a9155a4890fe7f957aa17bf,
    type: 3}
  m_PrefabInstance: {fileID: 7376998335990263195}
  m_PrefabAsset: {fileID: 0}
--- !u!1001 &7424178420121313941
PrefabInstance:
  m_ObjectHideFlags: 0
  serializedVersion: 2
  m_Modification:
    m_TransformParent: {fileID: 5173514773942223503}
    m_Modifications:
    - target: {fileID: 26907607363560494, guid: dcfba974c258919479af95c435b22193,
        type: 3}
      propertyPath: m_Sprite
      value: 
      objectReference: {fileID: 21300000, guid: a3e65d7d8845643ee8d9fc36abd229a2,
        type: 3}
    - target: {fileID: 441305590094145207, guid: dcfba974c258919479af95c435b22193,
        type: 3}
      propertyPath: m_RootOrder
      value: 5
      objectReference: {fileID: 0}
    - target: {fileID: 441305590094145207, guid: dcfba974c258919479af95c435b22193,
        type: 3}
      propertyPath: m_LocalPosition.x
      value: 0
      objectReference: {fileID: 0}
    - target: {fileID: 441305590094145207, guid: dcfba974c258919479af95c435b22193,
        type: 3}
      propertyPath: m_LocalPosition.y
      value: 0
      objectReference: {fileID: 0}
    - target: {fileID: 441305590094145207, guid: dcfba974c258919479af95c435b22193,
        type: 3}
      propertyPath: m_LocalPosition.z
      value: 0
      objectReference: {fileID: 0}
    - target: {fileID: 441305590094145207, guid: dcfba974c258919479af95c435b22193,
        type: 3}
      propertyPath: m_LocalRotation.w
      value: 1
      objectReference: {fileID: 0}
    - target: {fileID: 441305590094145207, guid: dcfba974c258919479af95c435b22193,
        type: 3}
      propertyPath: m_LocalRotation.x
      value: -0
      objectReference: {fileID: 0}
    - target: {fileID: 441305590094145207, guid: dcfba974c258919479af95c435b22193,
        type: 3}
      propertyPath: m_LocalRotation.y
      value: -0
      objectReference: {fileID: 0}
    - target: {fileID: 441305590094145207, guid: dcfba974c258919479af95c435b22193,
        type: 3}
      propertyPath: m_LocalRotation.z
      value: -0
      objectReference: {fileID: 0}
    - target: {fileID: 441305590094145207, guid: dcfba974c258919479af95c435b22193,
        type: 3}
      propertyPath: m_LocalEulerAnglesHint.x
      value: 0
      objectReference: {fileID: 0}
    - target: {fileID: 441305590094145207, guid: dcfba974c258919479af95c435b22193,
        type: 3}
      propertyPath: m_LocalEulerAnglesHint.y
      value: 0
      objectReference: {fileID: 0}
    - target: {fileID: 441305590094145207, guid: dcfba974c258919479af95c435b22193,
        type: 3}
      propertyPath: m_LocalEulerAnglesHint.z
      value: 0
      objectReference: {fileID: 0}
    - target: {fileID: 1524839761415600640, guid: dcfba974c258919479af95c435b22193,
        type: 3}
      propertyPath: m_Sprite
      value: 
      objectReference: {fileID: 21300000, guid: a3e65d7d8845643ee8d9fc36abd229a2,
        type: 3}
    - target: {fileID: 3098764699526261004, guid: dcfba974c258919479af95c435b22193,
        type: 3}
      propertyPath: m_Sprite
      value: 
      objectReference: {fileID: 21300000, guid: a3e65d7d8845643ee8d9fc36abd229a2,
        type: 3}
    - target: {fileID: 3110063855416448063, guid: dcfba974c258919479af95c435b22193,
        type: 3}
      propertyPath: m_Sprite
      value: 
      objectReference: {fileID: 21300000, guid: a3e65d7d8845643ee8d9fc36abd229a2,
        type: 3}
    - target: {fileID: 5503196333084828227, guid: dcfba974c258919479af95c435b22193,
        type: 3}
      propertyPath: m_Sprite
      value: 
      objectReference: {fileID: 21300000, guid: a3e65d7d8845643ee8d9fc36abd229a2,
        type: 3}
    - target: {fileID: 6442860224526326615, guid: dcfba974c258919479af95c435b22193,
        type: 3}
      propertyPath: m_Name
      value: DefaultLayerSetup
      objectReference: {fileID: 0}
    - target: {fileID: 6442860224526326615, guid: dcfba974c258919479af95c435b22193,
        type: 3}
      propertyPath: m_IsActive
      value: 0
      objectReference: {fileID: 0}
    m_RemovedComponents: []
  m_SourcePrefab: {fileID: 100100000, guid: dcfba974c258919479af95c435b22193, type: 3}
--- !u!4 &6996394697795503138 stripped
Transform:
  m_CorrespondingSourceObject: {fileID: 441305590094145207, guid: dcfba974c258919479af95c435b22193,
    type: 3}
  m_PrefabInstance: {fileID: 7424178420121313941}
  m_PrefabAsset: {fileID: 0}
--- !u!114 &8837241131585799257 stripped
MonoBehaviour:
  m_CorrespondingSourceObject: {fileID: 2135784899625821900, guid: dcfba974c258919479af95c435b22193,
    type: 3}
  m_PrefabInstance: {fileID: 7424178420121313941}
  m_PrefabAsset: {fileID: 0}
  m_GameObject: {fileID: 0}
  m_Enabled: 1
  m_EditorHideFlags: 0
  m_Script: {fileID: 11500000, guid: 02c39f8ce32ede24da29379effa2c3bf, type: 3}
  m_Name: 
  m_EditorClassIdentifier: 
--- !u!114 &5895947717484262472 stripped
MonoBehaviour:
  m_CorrespondingSourceObject: {fileID: 3951178348903732957, guid: dcfba974c258919479af95c435b22193,
    type: 3}
  m_PrefabInstance: {fileID: 7424178420121313941}
  m_PrefabAsset: {fileID: 0}
  m_GameObject: {fileID: 0}
  m_Enabled: 1
  m_EditorHideFlags: 0
  m_Script: {fileID: 11500000, guid: 02c39f8ce32ede24da29379effa2c3bf, type: 3}
  m_Name: 
  m_EditorClassIdentifier: 
--- !u!114 &8830436774935132522 stripped
MonoBehaviour:
  m_CorrespondingSourceObject: {fileID: 2129069603421051903, guid: dcfba974c258919479af95c435b22193,
    type: 3}
  m_PrefabInstance: {fileID: 7424178420121313941}
  m_PrefabAsset: {fileID: 0}
  m_GameObject: {fileID: 0}
  m_Enabled: 1
  m_EditorHideFlags: 0
  m_Script: {fileID: 11500000, guid: 02c39f8ce32ede24da29379effa2c3bf, type: 3}
  m_Name: 
  m_EditorClassIdentifier: 
--- !u!114 &2148853149501583909 stripped
MonoBehaviour:
  m_CorrespondingSourceObject: {fileID: 8851183492947955888, guid: dcfba974c258919479af95c435b22193,
    type: 3}
  m_PrefabInstance: {fileID: 7424178420121313941}
  m_PrefabAsset: {fileID: 0}
  m_GameObject: {fileID: 0}
  m_Enabled: 1
  m_EditorHideFlags: 0
  m_Script: {fileID: 11500000, guid: 02c39f8ce32ede24da29379effa2c3bf, type: 3}
  m_Name: 
  m_EditorClassIdentifier: 
--- !u!114 &4946171519850310246 stripped
MonoBehaviour:
  m_CorrespondingSourceObject: {fileID: 2568087779861285107, guid: dcfba974c258919479af95c435b22193,
    type: 3}
  m_PrefabInstance: {fileID: 7424178420121313941}
  m_PrefabAsset: {fileID: 0}
  m_GameObject: {fileID: 0}
  m_Enabled: 1
  m_EditorHideFlags: 0
  m_Script: {fileID: 11500000, guid: 02c39f8ce32ede24da29379effa2c3bf, type: 3}
  m_Name: 
  m_EditorClassIdentifier: 
