%YAML 1.1
%TAG !u! tag:unity3d.com,2011:
--- !u!1 &7651814177002252268
GameObject:
  m_ObjectHideFlags: 0
  m_CorrespondingSourceObject: {fileID: 0}
  m_PrefabInstance: {fileID: 0}
  m_PrefabAsset: {fileID: 0}
  serializedVersion: 6
  m_Component:
  - component: {fileID: 7911317921441924960}
  - component: {fileID: 4782835551676842647}
  - component: {fileID: 2681803380924158673}
  - component: {fileID: 6185197651725005316}
  m_Layer: 5
  m_Name: ClusterMapConnector
  m_TagString: Untagged
  m_Icon: {fileID: 0}
  m_NavMeshLayer: 0
  m_StaticEditorFlags: 0
  m_IsActive: 1
--- !u!224 &7911317921441924960
RectTransform:
  m_ObjectHideFlags: 0
  m_CorrespondingSourceObject: {fileID: 0}
  m_PrefabInstance: {fileID: 0}
  m_PrefabAsset: {fileID: 0}
  m_GameObject: {fileID: 7651814177002252268}
  m_LocalRotation: {x: 0, y: 0, z: 0, w: 1}
  m_LocalPosition: {x: 0, y: 0, z: 0}
  m_LocalScale: {x: 1, y: 1, z: 1}
  m_Children: []
  m_Father: {fileID: 0}
  m_RootOrder: 0
  m_LocalEulerAnglesHint: {x: 0, y: 0, z: 0}
  m_AnchorMin: {x: 0.5, y: 0.5}
  m_AnchorMax: {x: 0.5, y: 0.5}
  m_AnchoredPosition: {x: 0, y: 0}
  m_SizeDelta: {x: 100, y: 5}
  m_Pivot: {x: 0.5, y: 0.5}
--- !u!222 &4782835551676842647
CanvasRenderer:
  m_ObjectHideFlags: 0
  m_CorrespondingSourceObject: {fileID: 0}
  m_PrefabInstance: {fileID: 0}
  m_PrefabAsset: {fileID: 0}
  m_GameObject: {fileID: 7651814177002252268}
  m_CullTransparentMesh: 1
--- !u!114 &2681803380924158673
MonoBehaviour:
  m_ObjectHideFlags: 0
  m_CorrespondingSourceObject: {fileID: 0}
  m_PrefabInstance: {fileID: 0}
  m_PrefabAsset: {fileID: 0}
  m_GameObject: {fileID: 7651814177002252268}
  m_Enabled: 1
  m_EditorHideFlags: 0
  m_Script: {fileID: 11500000, guid: fe87c0e1cc204ed48ad3b37840f39efc, type: 3}
  m_Name: 
  m_EditorClassIdentifier: 
  m_Material: {fileID: 0}
  m_Color: {r: 1, g: 1, b: 1, a: 1}
  m_RaycastTarget: 1
  m_RaycastPadding: {x: 0, y: 0, z: 0, w: 0}
  m_Maskable: 1
  m_OnCullStateChanged:
    m_PersistentCalls:
      m_Calls: []
  m_Sprite: {fileID: 21300000, guid: 1f1a7934612398145b2ba41673acdba4, type: 3}
  m_Type: 2
  m_PreserveAspect: 0
  m_FillCenter: 1
  m_FillMethod: 4
  m_FillAmount: 1
  m_FillClockwise: 1
  m_FillOrigin: 0
  m_UseSpriteMesh: 0
  m_PixelsPerUnitMultiplier: 2
--- !u!114 &6185197651725005316
MonoBehaviour:
  m_ObjectHideFlags: 0
  m_CorrespondingSourceObject: {fileID: 0}
  m_PrefabInstance: {fileID: 0}
  m_PrefabAsset: {fileID: 0}
  m_GameObject: {fileID: 7651814177002252268}
  m_Enabled: 1
  m_EditorHideFlags: 0
  m_Script: {fileID: 11500000, guid: 35119742316945a9960793fdbd3d93af, type: 3}
  m_Name: 
  m_EditorClassIdentifier: 
  rectTransform: {fileID: 7911317921441924960}
  graphic: {fileID: 2681803380924158673}
  connectorConfigs:
  - connectionCondition: 1
    originState: 0
    targetState: 0
    lineColour: {r: 1, g: 1, b: 1, a: 0.18039216}
    lineSprite: {fileID: 21300000, guid: 1f1a7934612398145b2ba41673acdba4, type: 3}
  - connectionCondition: 0
    originState: 4
    targetState: 0
    lineColour: {r: 1, g: 1, b: 1, a: 1}
    lineSprite: {fileID: 21300000, guid: 1f1a7934612398145b2ba41673acdba4, type: 3}
  - connectionCondition: 0
    originState: 3
    targetState: 0
    lineColour: {r: 1, g: 1, b: 1, a: 0.7490196}
    lineSprite: {fileID: 21300000, guid: 1f1a7934612398145b2ba41673acdba4, type: 3}
  defaultColour: {r: 1, g: 1, b: 1, a: 0.18039216}
  defaultSprite: {fileID: 21300000, guid: 1f1a7934612398145b2ba41673acdba4, type: 3}
