%YAML 1.1
%TAG !u! tag:unity3d.com,2011:
--- !u!1 &1010766447302854731
GameObject:
  m_ObjectHideFlags: 0
  m_CorrespondingSourceObject: {fileID: 0}
  m_PrefabInstance: {fileID: 0}
  m_PrefabAsset: {fileID: 0}
  serializedVersion: 6
  m_Component:
  - component: {fileID: 3300939335371471326}
  - component: {fileID: 2622414394130966440}
  - component: {fileID: 523066843809625978}
  - component: {fileID: 7643988127703674174}
  - component: {fileID: 5672255967209471348}
  m_Layer: 5
  m_Name: Text (1)
  m_TagString: Untagged
  m_Icon: {fileID: 0}
  m_NavMeshLayer: 0
  m_StaticEditorFlags: 0
  m_IsActive: 1
--- !u!224 &3300939335371471326
RectTransform:
  m_ObjectHideFlags: 0
  m_CorrespondingSourceObject: {fileID: 0}
  m_PrefabInstance: {fileID: 0}
  m_PrefabAsset: {fileID: 0}
  m_GameObject: {fileID: 1010766447302854731}
  m_LocalRotation: {x: -0, y: 0, z: 0, w: 1}
  m_LocalPosition: {x: 0, y: 0, z: 0}
  m_LocalScale: {x: 1, y: 1, z: 1}
  m_Children: []
  m_Father: {fileID: 5988841285045884606}
  m_RootOrder: 0
  m_LocalEulerAnglesHint: {x: 0, y: 0, z: 0}
  m_AnchorMin: {x: 0, y: 0}
  m_AnchorMax: {x: 1, y: 1}
  m_AnchoredPosition: {x: -0.0025024414, y: 3.0558}
  m_SizeDelta: {x: -0.005, y: -14.4117}
  m_Pivot: {x: 0.5, y: 0.5}
--- !u!222 &2622414394130966440
CanvasRenderer:
  m_ObjectHideFlags: 0
  m_CorrespondingSourceObject: {fileID: 0}
  m_PrefabInstance: {fileID: 0}
  m_PrefabAsset: {fileID: 0}
  m_GameObject: {fileID: 1010766447302854731}
  m_CullTransparentMesh: 1
--- !u!114 &523066843809625978
MonoBehaviour:
  m_ObjectHideFlags: 0
  m_CorrespondingSourceObject: {fileID: 0}
  m_PrefabInstance: {fileID: 0}
  m_PrefabAsset: {fileID: 0}
  m_GameObject: {fileID: 1010766447302854731}
  m_Enabled: 1
  m_EditorHideFlags: 0
  m_Script: {fileID: 11500000, guid: 5f7201a12d95ffc409449d95f23cf332, type: 3}
  m_Name: 
  m_EditorClassIdentifier: 
  m_Material: {fileID: 0}
  m_Color: {r: 1, g: 1, b: 1, a: 1}
  m_RaycastTarget: 1
  m_RaycastPadding: {x: 0, y: 0, z: 0, w: 0}
  m_Maskable: 1
  m_OnCullStateChanged:
    m_PersistentCalls:
      m_Calls: []
  m_FontData:
    m_Font: {fileID: 12800000, guid: 0dcbffe190c1a204dac7ed2b776cce80, type: 3}
    m_FontSize: 36
    m_FontStyle: 0
    m_BestFit: 0
    m_MinSize: 0
    m_MaxSize: 48
    m_Alignment: 4
    m_AlignByGeometry: 0
    m_RichText: 1
    m_HorizontalOverflow: 0
    m_VerticalOverflow: 0
    m_LineSpacing: 0.9
  m_Text: JUMP
--- !u!114 &7643988127703674174
MonoBehaviour:
  m_ObjectHideFlags: 0
  m_CorrespondingSourceObject: {fileID: 0}
  m_PrefabInstance: {fileID: 0}
  m_PrefabAsset: {fileID: 0}
  m_GameObject: {fileID: 1010766447302854731}
  m_Enabled: 0
  m_EditorHideFlags: 0
  m_Script: {fileID: 11500000, guid: e19747de3f5aca642ab2be37e372fb86, type: 3}
  m_Name: 
  m_EditorClassIdentifier: 
  m_EffectColor: {r: 0, g: 0, b: 0, a: 1}
  m_EffectDistance: {x: 1, y: -1}
  m_UseGraphicAlpha: 1
--- !u!114 &5672255967209471348
MonoBehaviour:
  m_ObjectHideFlags: 0
  m_CorrespondingSourceObject: {fileID: 0}
  m_PrefabInstance: {fileID: 0}
  m_PrefabAsset: {fileID: 0}
  m_GameObject: {fileID: 1010766447302854731}
  m_Enabled: 1
  m_EditorHideFlags: 0
  m_Script: {fileID: 11500000, guid: cfabb0440166ab443bba8876756fdfa9, type: 3}
  m_Name: 
  m_EditorClassIdentifier: 
  m_EffectColor: {r: 0, g: 0, b: 0, a: 0.5}
  m_EffectDistance: {x: 0, y: -2}
  m_UseGraphicAlpha: 1
--- !u!1 &1061410808994949959
GameObject:
  m_ObjectHideFlags: 0
  m_CorrespondingSourceObject: {fileID: 0}
  m_PrefabInstance: {fileID: 0}
  m_PrefabAsset: {fileID: 0}
  serializedVersion: 6
  m_Component:
  - component: {fileID: 6031648137990552410}
  - component: {fileID: 1904457847588848395}
  - component: {fileID: 126084719268938340}
  m_Layer: 5
  m_Name: Title (3)
  m_TagString: Untagged
  m_Icon: {fileID: 0}
  m_NavMeshLayer: 0
  m_StaticEditorFlags: 0
  m_IsActive: 1
--- !u!224 &6031648137990552410
RectTransform:
  m_ObjectHideFlags: 0
  m_CorrespondingSourceObject: {fileID: 0}
  m_PrefabInstance: {fileID: 0}
  m_PrefabAsset: {fileID: 0}
  m_GameObject: {fileID: 1061410808994949959}
  m_LocalRotation: {x: -0, y: -0, z: -0, w: 1}
  m_LocalPosition: {x: 0, y: 0, z: 0}
  m_LocalScale: {x: 1, y: -1, z: 1}
  m_Children:
  - {fileID: 4844467508311546345}
  - {fileID: 19080094227075814}
  m_Father: {fileID: 6928859167906701205}
  m_RootOrder: 0
  m_LocalEulerAnglesHint: {x: 0, y: 0, z: 0}
  m_AnchorMin: {x: 0.5, y: 0.5}
  m_AnchorMax: {x: 0.5, y: 0.5}
  m_AnchoredPosition: {x: -64, y: 0}
  m_SizeDelta: {x: 322.4, y: 35.8286}
  m_Pivot: {x: 0.5, y: 0.5}
--- !u!222 &1904457847588848395
CanvasRenderer:
  m_ObjectHideFlags: 0
  m_CorrespondingSourceObject: {fileID: 0}
  m_PrefabInstance: {fileID: 0}
  m_PrefabAsset: {fileID: 0}
  m_GameObject: {fileID: 1061410808994949959}
  m_CullTransparentMesh: 0
--- !u!114 &126084719268938340
MonoBehaviour:
  m_ObjectHideFlags: 0
  m_CorrespondingSourceObject: {fileID: 0}
  m_PrefabInstance: {fileID: 0}
  m_PrefabAsset: {fileID: 0}
  m_GameObject: {fileID: 1061410808994949959}
  m_Enabled: 1
  m_EditorHideFlags: 0
  m_Script: {fileID: 11500000, guid: 5f7201a12d95ffc409449d95f23cf332, type: 3}
  m_Name: 
  m_EditorClassIdentifier: 
  m_Material: {fileID: 0}
  m_Color: {r: 1, g: 1, b: 1, a: 1}
  m_RaycastTarget: 1
  m_RaycastPadding: {x: 0, y: 0, z: 0, w: 0}
  m_Maskable: 1
  m_OnCullStateChanged:
    m_PersistentCalls:
      m_Calls: []
  m_FontData:
    m_Font: {fileID: 12800000, guid: 0dcbffe190c1a204dac7ed2b776cce80, type: 3}
    m_FontSize: 14
    m_FontStyle: 0
    m_BestFit: 1
    m_MinSize: 1
    m_MaxSize: 28
    m_Alignment: 4
    m_AlignByGeometry: 0
    m_RichText: 1
    m_HorizontalOverflow: 0
    m_VerticalOverflow: 0
    m_LineSpacing: 1
  m_Text: 'Total Chunks:'
--- !u!1 &1360840688274115339
GameObject:
  m_ObjectHideFlags: 0
  m_CorrespondingSourceObject: {fileID: 0}
  m_PrefabInstance: {fileID: 0}
  m_PrefabAsset: {fileID: 0}
  serializedVersion: 6
  m_Component:
  - component: {fileID: 8268892302852545285}
  - component: {fileID: 3094767112017454668}
  - component: {fileID: 6659301934048332712}
  m_Layer: 5
  m_Name: Title (2)
  m_TagString: Untagged
  m_Icon: {fileID: 0}
  m_NavMeshLayer: 0
  m_StaticEditorFlags: 0
  m_IsActive: 1
--- !u!224 &8268892302852545285
RectTransform:
  m_ObjectHideFlags: 0
  m_CorrespondingSourceObject: {fileID: 0}
  m_PrefabInstance: {fileID: 0}
  m_PrefabAsset: {fileID: 0}
  m_GameObject: {fileID: 1360840688274115339}
  m_LocalRotation: {x: -0, y: -0, z: -0, w: 1}
  m_LocalPosition: {x: 0, y: 0, z: 0}
  m_LocalScale: {x: 1, y: 1, z: 1}
  m_Children: []
  m_Father: {fileID: 2578419735254858060}
  m_RootOrder: 0
  m_LocalEulerAnglesHint: {x: 0, y: 0, z: 0}
  m_AnchorMin: {x: 1, y: 0.5}
  m_AnchorMax: {x: 1, y: 0.5}
  m_AnchoredPosition: {x: 50.705, y: 0}
  m_SizeDelta: {x: 101.4109, y: 35.8286}
  m_Pivot: {x: 0.5, y: 0.5}
--- !u!222 &3094767112017454668
CanvasRenderer:
  m_ObjectHideFlags: 0
  m_CorrespondingSourceObject: {fileID: 0}
  m_PrefabInstance: {fileID: 0}
  m_PrefabAsset: {fileID: 0}
  m_GameObject: {fileID: 1360840688274115339}
  m_CullTransparentMesh: 0
--- !u!114 &6659301934048332712
MonoBehaviour:
  m_ObjectHideFlags: 0
  m_CorrespondingSourceObject: {fileID: 0}
  m_PrefabInstance: {fileID: 0}
  m_PrefabAsset: {fileID: 0}
  m_GameObject: {fileID: 1360840688274115339}
  m_Enabled: 1
  m_EditorHideFlags: 0
  m_Script: {fileID: 11500000, guid: 5f7201a12d95ffc409449d95f23cf332, type: 3}
  m_Name: 
  m_EditorClassIdentifier: 
  m_Material: {fileID: 0}
  m_Color: {r: 1, g: 1, b: 1, a: 1}
  m_RaycastTarget: 1
  m_RaycastPadding: {x: 0, y: 0, z: 0, w: 0}
  m_Maskable: 1
  m_OnCullStateChanged:
    m_PersistentCalls:
      m_Calls: []
  m_FontData:
    m_Font: {fileID: 12800000, guid: 0dcbffe190c1a204dac7ed2b776cce80, type: 3}
    m_FontSize: 14
    m_FontStyle: 0
    m_BestFit: 1
    m_MinSize: 1
    m_MaxSize: 28
    m_Alignment: 3
    m_AlignByGeometry: 0
    m_RichText: 1
    m_HorizontalOverflow: 0
    m_VerticalOverflow: 0
    m_LineSpacing: 1
  m_Text: 10.2k
--- !u!1 &2157356896874613623
GameObject:
  m_ObjectHideFlags: 0
  m_CorrespondingSourceObject: {fileID: 0}
  m_PrefabInstance: {fileID: 0}
  m_PrefabAsset: {fileID: 0}
  serializedVersion: 6
  m_Component:
  - component: {fileID: 1333289412716798737}
  - component: {fileID: 4462287587930564306}
  - component: {fileID: 5833630972896692178}
  - component: {fileID: 1609780803820775922}
  m_Layer: 5
  m_Name: BoostIcon
  m_TagString: Untagged
  m_Icon: {fileID: 0}
  m_NavMeshLayer: 0
  m_StaticEditorFlags: 0
  m_IsActive: 0
--- !u!224 &1333289412716798737
RectTransform:
  m_ObjectHideFlags: 0
  m_CorrespondingSourceObject: {fileID: 0}
  m_PrefabInstance: {fileID: 0}
  m_PrefabAsset: {fileID: 0}
  m_GameObject: {fileID: 2157356896874613623}
  m_LocalRotation: {x: -0, y: 0, z: 0, w: 1}
  m_LocalPosition: {x: 0, y: 0, z: 0}
  m_LocalScale: {x: 1, y: 1, z: 1}
  m_Children:
  - {fileID: 7997153565404060056}
  m_Father: {fileID: 5988841285045884606}
  m_RootOrder: 1
  m_LocalEulerAnglesHint: {x: 0, y: 0, z: 0}
  m_AnchorMin: {x: 0, y: 0.5}
  m_AnchorMax: {x: 0, y: 0.5}
  m_AnchoredPosition: {x: 36, y: 0}
  m_SizeDelta: {x: 48, y: 48}
  m_Pivot: {x: 0.5, y: 0.5}
--- !u!222 &4462287587930564306
CanvasRenderer:
  m_ObjectHideFlags: 0
  m_CorrespondingSourceObject: {fileID: 0}
  m_PrefabInstance: {fileID: 0}
  m_PrefabAsset: {fileID: 0}
  m_GameObject: {fileID: 2157356896874613623}
  m_CullTransparentMesh: 1
--- !u!114 &5833630972896692178
MonoBehaviour:
  m_ObjectHideFlags: 0
  m_CorrespondingSourceObject: {fileID: 0}
  m_PrefabInstance: {fileID: 0}
  m_PrefabAsset: {fileID: 0}
  m_GameObject: {fileID: 2157356896874613623}
  m_Enabled: 1
  m_EditorHideFlags: 0
  m_Script: {fileID: 11500000, guid: fe87c0e1cc204ed48ad3b37840f39efc, type: 3}
  m_Name: 
  m_EditorClassIdentifier: 
  m_Material: {fileID: 0}
  m_Color: {r: 0.19607845, g: 0.19607845, b: 0.19607845, a: 1}
  m_RaycastTarget: 1
  m_RaycastPadding: {x: 0, y: 0, z: 0, w: 0}
  m_Maskable: 1
  m_OnCullStateChanged:
    m_PersistentCalls:
      m_Calls: []
  m_Sprite: {fileID: 21300000, guid: 2fd9b6411a9f54fa096bcb9b5082d81f, type: 3}
  m_Type: 0
  m_PreserveAspect: 0
  m_FillCenter: 1
  m_FillMethod: 4
  m_FillAmount: 1
  m_FillClockwise: 1
  m_FillOrigin: 0
  m_UseSpriteMesh: 0
  m_PixelsPerUnitMultiplier: 1
--- !u!95 &1609780803820775922
Animator:
  serializedVersion: 3
  m_ObjectHideFlags: 0
  m_CorrespondingSourceObject: {fileID: 0}
  m_PrefabInstance: {fileID: 0}
  m_PrefabAsset: {fileID: 0}
  m_GameObject: {fileID: 2157356896874613623}
  m_Enabled: 1
  m_Avatar: {fileID: 0}
  m_Controller: {fileID: 9100000, guid: 9103258db6d455a4daeb72fb93121e7f, type: 2}
  m_CullingMode: 0
  m_UpdateMode: 0
  m_ApplyRootMotion: 0
  m_LinearVelocityBlending: 0
  m_WarningMessage: 
  m_HasTransformHierarchy: 1
  m_AllowConstantClipSamplingOptimization: 1
  m_KeepAnimatorControllerStateOnDisable: 0
--- !u!1 &2507301766978196389
GameObject:
  m_ObjectHideFlags: 0
  m_CorrespondingSourceObject: {fileID: 0}
  m_PrefabInstance: {fileID: 0}
  m_PrefabAsset: {fileID: 0}
  serializedVersion: 6
  m_Component:
  - component: {fileID: 4844467508311546345}
  - component: {fileID: 7002258795220045373}
  - component: {fileID: 5322817954692063737}
  m_Layer: 5
  m_Name: Image
  m_TagString: Untagged
  m_Icon: {fileID: 0}
  m_NavMeshLayer: 0
  m_StaticEditorFlags: 0
  m_IsActive: 1
--- !u!224 &4844467508311546345
RectTransform:
  m_ObjectHideFlags: 0
  m_CorrespondingSourceObject: {fileID: 0}
  m_PrefabInstance: {fileID: 0}
  m_PrefabAsset: {fileID: 0}
  m_GameObject: {fileID: 2507301766978196389}
  m_LocalRotation: {x: 0, y: 0, z: 0, w: 1}
  m_LocalPosition: {x: 0, y: 0, z: 0}
  m_LocalScale: {x: 1, y: 1, z: 1}
  m_Children: []
  m_Father: {fileID: 6031648137990552410}
  m_RootOrder: 0
  m_LocalEulerAnglesHint: {x: 0, y: 0, z: 0}
  m_AnchorMin: {x: 1, y: 0.5}
  m_AnchorMax: {x: 1, y: 0.5}
  m_AnchoredPosition: {x: 9, y: 0}
  m_SizeDelta: {x: 40, y: 40}
  m_Pivot: {x: 0.5, y: 0.5}
--- !u!222 &7002258795220045373
CanvasRenderer:
  m_ObjectHideFlags: 0
  m_CorrespondingSourceObject: {fileID: 0}
  m_PrefabInstance: {fileID: 0}
  m_PrefabAsset: {fileID: 0}
  m_GameObject: {fileID: 2507301766978196389}
  m_CullTransparentMesh: 1
--- !u!114 &5322817954692063737
MonoBehaviour:
  m_ObjectHideFlags: 0
  m_CorrespondingSourceObject: {fileID: 0}
  m_PrefabInstance: {fileID: 0}
  m_PrefabAsset: {fileID: 0}
  m_GameObject: {fileID: 2507301766978196389}
  m_Enabled: 1
  m_EditorHideFlags: 0
  m_Script: {fileID: 11500000, guid: fe87c0e1cc204ed48ad3b37840f39efc, type: 3}
  m_Name: 
  m_EditorClassIdentifier: 
  m_Material: {fileID: 0}
  m_Color: {r: 1, g: 1, b: 1, a: 1}
  m_RaycastTarget: 1
  m_RaycastPadding: {x: 0, y: 0, z: 0, w: 0}
  m_Maskable: 1
  m_OnCullStateChanged:
    m_PersistentCalls:
      m_Calls: []
  m_Sprite: {fileID: 21300000, guid: e9e8f54f233a30043bffb24b913e4d10, type: 3}
  m_Type: 0
  m_PreserveAspect: 0
  m_FillCenter: 1
  m_FillMethod: 4
  m_FillAmount: 1
  m_FillClockwise: 1
  m_FillOrigin: 0
  m_UseSpriteMesh: 0
  m_PixelsPerUnitMultiplier: 1
--- !u!1 &3159622036279826033
GameObject:
  m_ObjectHideFlags: 0
  m_CorrespondingSourceObject: {fileID: 0}
  m_PrefabInstance: {fileID: 0}
  m_PrefabAsset: {fileID: 0}
  serializedVersion: 6
  m_Component:
  - component: {fileID: 6928859167906701205}
  - component: {fileID: 4264550509268296733}
  - component: {fileID: 6172763291359254421}
  m_Layer: 5
  m_Name: Panel (1)
  m_TagString: Untagged
  m_Icon: {fileID: 0}
  m_NavMeshLayer: 0
  m_StaticEditorFlags: 0
  m_IsActive: 1
--- !u!224 &6928859167906701205
RectTransform:
  m_ObjectHideFlags: 0
  m_CorrespondingSourceObject: {fileID: 0}
  m_PrefabInstance: {fileID: 0}
  m_PrefabAsset: {fileID: 0}
  m_GameObject: {fileID: 3159622036279826033}
  m_LocalRotation: {x: 0, y: 0, z: 0, w: 1}
  m_LocalPosition: {x: 0, y: 0, z: 0}
  m_LocalScale: {x: 1, y: 1, z: 1}
  m_Children:
  - {fileID: 6031648137990552410}
  m_Father: {fileID: 1304748093620780372}
  m_RootOrder: 6
  m_LocalEulerAnglesHint: {x: 0, y: 0, z: 0}
  m_AnchorMin: {x: 0, y: 0}
  m_AnchorMax: {x: 0, y: 0}
  m_AnchoredPosition: {x: 0, y: 0}
  m_SizeDelta: {x: 0, y: 35}
  m_Pivot: {x: 0.5, y: 0.5}
--- !u!222 &4264550509268296733
CanvasRenderer:
  m_ObjectHideFlags: 0
  m_CorrespondingSourceObject: {fileID: 0}
  m_PrefabInstance: {fileID: 0}
  m_PrefabAsset: {fileID: 0}
  m_GameObject: {fileID: 3159622036279826033}
  m_CullTransparentMesh: 1
--- !u!114 &6172763291359254421
MonoBehaviour:
  m_ObjectHideFlags: 0
  m_CorrespondingSourceObject: {fileID: 0}
  m_PrefabInstance: {fileID: 0}
  m_PrefabAsset: {fileID: 0}
  m_GameObject: {fileID: 3159622036279826033}
  m_Enabled: 1
  m_EditorHideFlags: 0
  m_Script: {fileID: 11500000, guid: fe87c0e1cc204ed48ad3b37840f39efc, type: 3}
  m_Name: 
  m_EditorClassIdentifier: 
  m_Material: {fileID: 0}
  m_Color: {r: 1, g: 1, b: 1, a: 0.392}
  m_RaycastTarget: 1
  m_RaycastPadding: {x: 0, y: 0, z: 0, w: 0}
  m_Maskable: 1
  m_OnCullStateChanged:
    m_PersistentCalls:
      m_Calls: []
  m_Sprite: {fileID: 10907, guid: 0000000000000000f000000000000000, type: 0}
  m_Type: 1
  m_PreserveAspect: 0
  m_FillCenter: 1
  m_FillMethod: 4
  m_FillAmount: 1
  m_FillClockwise: 1
  m_FillOrigin: 0
  m_UseSpriteMesh: 0
  m_PixelsPerUnitMultiplier: 1
--- !u!1 &4355084298205518288
GameObject:
  m_ObjectHideFlags: 0
  m_CorrespondingSourceObject: {fileID: 0}
  m_PrefabInstance: {fileID: 0}
  m_PrefabAsset: {fileID: 0}
  serializedVersion: 6
  m_Component:
  - component: {fileID: 3847816838899375705}
  - component: {fileID: 5077631390019373657}
  m_Layer: 5
  m_Name: TutorialHandler
  m_TagString: Untagged
  m_Icon: {fileID: 0}
  m_NavMeshLayer: 0
  m_StaticEditorFlags: 0
  m_IsActive: 1
--- !u!224 &3847816838899375705
RectTransform:
  m_ObjectHideFlags: 0
  m_CorrespondingSourceObject: {fileID: 0}
  m_PrefabInstance: {fileID: 0}
  m_PrefabAsset: {fileID: 0}
  m_GameObject: {fileID: 4355084298205518288}
  m_LocalRotation: {x: 0, y: 0, z: 0, w: 1}
  m_LocalPosition: {x: 0, y: 0, z: 0}
  m_LocalScale: {x: 1, y: 1, z: 1}
  m_Children: []
  m_Father: {fileID: 3898560385267583233}
  m_RootOrder: 1
  m_LocalEulerAnglesHint: {x: 0, y: 0, z: 0}
  m_AnchorMin: {x: 0.5, y: 0.5}
  m_AnchorMax: {x: 0.5, y: 0.5}
  m_AnchoredPosition: {x: 0, y: 0}
  m_SizeDelta: {x: 100, y: 100}
  m_Pivot: {x: 0.5, y: 0.5}
--- !u!114 &5077631390019373657
MonoBehaviour:
  m_ObjectHideFlags: 0
  m_CorrespondingSourceObject: {fileID: 0}
  m_PrefabInstance: {fileID: 0}
  m_PrefabAsset: {fileID: 0}
  m_GameObject: {fileID: 4355084298205518288}
  m_Enabled: 1
  m_EditorHideFlags: 0
  m_Script: {fileID: 11500000, guid: 88151dbfb0d748ada979ee9cacf23093, type: 3}
  m_Name: 
  m_EditorClassIdentifier: 
  module: 0
  stepIds:
  - core_sectorUnknownSource
  handleStepBegin: 1
  onStepBegin:
    m_PersistentCalls:
      m_Calls:
      - m_Target: {fileID: 5076452673081322764}
        m_TargetAssemblyTypeName: UnityEngine.Behaviour, UnityEngine
        m_MethodName: set_enabled
        m_Mode: 6
        m_Arguments:
          m_ObjectArgument: {fileID: 0}
          m_ObjectArgumentAssemblyTypeName: UnityEngine.Object, UnityEngine
          m_IntArgument: 0
          m_FloatArgument: 0
          m_StringArgument: 
          m_BoolArgument: 0
        m_CallState: 2
  handleStepComplete: 1
  onStepComplete:
    m_PersistentCalls:
      m_Calls:
      - m_Target: {fileID: 5076452673081322764}
        m_TargetAssemblyTypeName: UnityEngine.Behaviour, UnityEngine
        m_MethodName: set_enabled
        m_Mode: 6
        m_Arguments:
          m_ObjectArgument: {fileID: 0}
          m_ObjectArgumentAssemblyTypeName: UnityEngine.Object, UnityEngine
          m_IntArgument: 0
          m_FloatArgument: 0
          m_StringArgument: 
          m_BoolArgument: 1
        m_CallState: 2
--- !u!1 &5039846879345602529
GameObject:
  m_ObjectHideFlags: 0
  m_CorrespondingSourceObject: {fileID: 0}
  m_PrefabInstance: {fileID: 0}
  m_PrefabAsset: {fileID: 0}
  serializedVersion: 6
  m_Component:
  - component: {fileID: 6006502179014485228}
  - component: {fileID: 4533200535004243845}
  - component: {fileID: 7518089278453294207}
  m_Layer: 5
  m_Name: Title (1)
  m_TagString: Untagged
  m_Icon: {fileID: 0}
  m_NavMeshLayer: 0
  m_StaticEditorFlags: 0
  m_IsActive: 1
--- !u!224 &6006502179014485228
RectTransform:
  m_ObjectHideFlags: 0
  m_CorrespondingSourceObject: {fileID: 0}
  m_PrefabInstance: {fileID: 0}
  m_PrefabAsset: {fileID: 0}
  m_GameObject: {fileID: 5039846879345602529}
  m_LocalRotation: {x: -0, y: -0, z: -0, w: 1}
  m_LocalPosition: {x: 0, y: 0, z: 0}
  m_LocalScale: {x: 1, y: -1, z: 1}
  m_Children:
  - {fileID: 2578419735254858060}
  m_Father: {fileID: 5912159131273710238}
  m_RootOrder: 0
  m_LocalEulerAnglesHint: {x: 0, y: 0, z: 0}
  m_AnchorMin: {x: 0.5, y: 0.5}
  m_AnchorMax: {x: 0.5, y: 0.5}
  m_AnchoredPosition: {x: -64, y: 0}
  m_SizeDelta: {x: 322.4, y: 35.8286}
  m_Pivot: {x: 0.5, y: 0.5}
--- !u!222 &4533200535004243845
CanvasRenderer:
  m_ObjectHideFlags: 0
  m_CorrespondingSourceObject: {fileID: 0}
  m_PrefabInstance: {fileID: 0}
  m_PrefabAsset: {fileID: 0}
  m_GameObject: {fileID: 5039846879345602529}
  m_CullTransparentMesh: 0
--- !u!114 &7518089278453294207
MonoBehaviour:
  m_ObjectHideFlags: 0
  m_CorrespondingSourceObject: {fileID: 0}
  m_PrefabInstance: {fileID: 0}
  m_PrefabAsset: {fileID: 0}
  m_GameObject: {fileID: 5039846879345602529}
  m_Enabled: 1
  m_EditorHideFlags: 0
  m_Script: {fileID: 11500000, guid: 5f7201a12d95ffc409449d95f23cf332, type: 3}
  m_Name: 
  m_EditorClassIdentifier: 
  m_Material: {fileID: 0}
  m_Color: {r: 1, g: 1, b: 1, a: 1}
  m_RaycastTarget: 1
  m_RaycastPadding: {x: 0, y: 0, z: 0, w: 0}
  m_Maskable: 1
  m_OnCullStateChanged:
    m_PersistentCalls:
      m_Calls: []
  m_FontData:
    m_Font: {fileID: 12800000, guid: 0dcbffe190c1a204dac7ed2b776cce80, type: 3}
    m_FontSize: 14
    m_FontStyle: 0
    m_BestFit: 1
    m_MinSize: 1
    m_MaxSize: 28
    m_Alignment: 4
    m_AlignByGeometry: 0
    m_RichText: 1
    m_HorizontalOverflow: 0
    m_VerticalOverflow: 0
    m_LineSpacing: 1
  m_Text: 'Approximate Value:'
--- !u!1 &5203136635029067824
GameObject:
  m_ObjectHideFlags: 0
  m_CorrespondingSourceObject: {fileID: 0}
  m_PrefabInstance: {fileID: 0}
  m_PrefabAsset: {fileID: 0}
  serializedVersion: 6
  m_Component:
  - component: {fileID: 7997153565404060056}
  - component: {fileID: 7707556135361430273}
  - component: {fileID: 5482598072116079973}
  m_Layer: 5
  m_Name: Text (1)
  m_TagString: Untagged
  m_Icon: {fileID: 0}
  m_NavMeshLayer: 0
  m_StaticEditorFlags: 0
  m_IsActive: 0
--- !u!224 &7997153565404060056
RectTransform:
  m_ObjectHideFlags: 0
  m_CorrespondingSourceObject: {fileID: 0}
  m_PrefabInstance: {fileID: 0}
  m_PrefabAsset: {fileID: 0}
  m_GameObject: {fileID: 5203136635029067824}
  m_LocalRotation: {x: -0, y: -0, z: -0, w: 1}
  m_LocalPosition: {x: 0, y: 0, z: 0}
  m_LocalScale: {x: 1, y: 1, z: 1}
  m_Children: []
  m_Father: {fileID: 1333289412716798737}
  m_RootOrder: 0
  m_LocalEulerAnglesHint: {x: 0, y: 0, z: 0}
  m_AnchorMin: {x: 0.5, y: 0}
  m_AnchorMax: {x: 0.5, y: 0}
  m_AnchoredPosition: {x: 0, y: 12.4}
  m_SizeDelta: {x: 64, y: 39.73}
  m_Pivot: {x: 0.5, y: 0.5}
--- !u!222 &7707556135361430273
CanvasRenderer:
  m_ObjectHideFlags: 0
  m_CorrespondingSourceObject: {fileID: 0}
  m_PrefabInstance: {fileID: 0}
  m_PrefabAsset: {fileID: 0}
  m_GameObject: {fileID: 5203136635029067824}
  m_CullTransparentMesh: 1
--- !u!114 &5482598072116079973
MonoBehaviour:
  m_ObjectHideFlags: 0
  m_CorrespondingSourceObject: {fileID: 0}
  m_PrefabInstance: {fileID: 0}
  m_PrefabAsset: {fileID: 0}
  m_GameObject: {fileID: 5203136635029067824}
  m_Enabled: 1
  m_EditorHideFlags: 0
  m_Script: {fileID: 11500000, guid: 5f7201a12d95ffc409449d95f23cf332, type: 3}
  m_Name: 
  m_EditorClassIdentifier: 
  m_Material: {fileID: 0}
  m_Color: {r: 1, g: 1, b: 1, a: 1}
  m_RaycastTarget: 1
  m_RaycastPadding: {x: 0, y: 0, z: 0, w: 0}
  m_Maskable: 1
  m_OnCullStateChanged:
    m_PersistentCalls:
      m_Calls: []
  m_FontData:
    m_Font: {fileID: 12800000, guid: 0dcbffe190c1a204dac7ed2b776cce80, type: 3}
    m_FontSize: 24
    m_FontStyle: 0
    m_BestFit: 0
    m_MinSize: 0
    m_MaxSize: 40
    m_Alignment: 4
    m_AlignByGeometry: 0
    m_RichText: 1
    m_HorizontalOverflow: 0
    m_VerticalOverflow: 0
    m_LineSpacing: 1
  m_Text: x2
--- !u!1 &5238193810158894808
GameObject:
  m_ObjectHideFlags: 0
  m_CorrespondingSourceObject: {fileID: 0}
  m_PrefabInstance: {fileID: 0}
  m_PrefabAsset: {fileID: 0}
  serializedVersion: 6
  m_Component:
  - component: {fileID: 2578419735254858060}
  - component: {fileID: 6315131974692663872}
  - component: {fileID: 1005565151066232390}
  m_Layer: 5
  m_Name: Image
  m_TagString: Untagged
  m_Icon: {fileID: 0}
  m_NavMeshLayer: 0
  m_StaticEditorFlags: 0
  m_IsActive: 1
--- !u!224 &2578419735254858060
RectTransform:
  m_ObjectHideFlags: 0
  m_CorrespondingSourceObject: {fileID: 0}
  m_PrefabInstance: {fileID: 0}
  m_PrefabAsset: {fileID: 0}
  m_GameObject: {fileID: 5238193810158894808}
  m_LocalRotation: {x: 0, y: 0, z: 0, w: 1}
  m_LocalPosition: {x: 0, y: 0, z: 0}
  m_LocalScale: {x: 1, y: 1, z: 1}
  m_Children:
  - {fileID: 8268892302852545285}
  m_Father: {fileID: 6006502179014485228}
  m_RootOrder: 0
  m_LocalEulerAnglesHint: {x: 0, y: 0, z: 0}
  m_AnchorMin: {x: 1, y: 0.5}
  m_AnchorMax: {x: 1, y: 0.5}
  m_AnchoredPosition: {x: 9, y: 0}
  m_SizeDelta: {x: 40, y: 40}
  m_Pivot: {x: 0.5, y: 0.5}
--- !u!222 &6315131974692663872
CanvasRenderer:
  m_ObjectHideFlags: 0
  m_CorrespondingSourceObject: {fileID: 0}
  m_PrefabInstance: {fileID: 0}
  m_PrefabAsset: {fileID: 0}
  m_GameObject: {fileID: 5238193810158894808}
  m_CullTransparentMesh: 1
--- !u!114 &1005565151066232390
MonoBehaviour:
  m_ObjectHideFlags: 0
  m_CorrespondingSourceObject: {fileID: 0}
  m_PrefabInstance: {fileID: 0}
  m_PrefabAsset: {fileID: 0}
  m_GameObject: {fileID: 5238193810158894808}
  m_Enabled: 1
  m_EditorHideFlags: 0
  m_Script: {fileID: 11500000, guid: fe87c0e1cc204ed48ad3b37840f39efc, type: 3}
  m_Name: 
  m_EditorClassIdentifier: 
  m_Material: {fileID: 0}
  m_Color: {r: 1, g: 1, b: 1, a: 1}
  m_RaycastTarget: 1
  m_RaycastPadding: {x: 0, y: 0, z: 0, w: 0}
  m_Maskable: 1
  m_OnCullStateChanged:
    m_PersistentCalls:
      m_Calls: []
  m_Sprite: {fileID: 21300000, guid: a421c08e28a3ba24eb8a0c9152ebdfba, type: 3}
  m_Type: 0
  m_PreserveAspect: 0
  m_FillCenter: 1
  m_FillMethod: 4
  m_FillAmount: 1
  m_FillClockwise: 1
  m_FillOrigin: 0
  m_UseSpriteMesh: 0
  m_PixelsPerUnitMultiplier: 1
--- !u!1 &6483624082813957173
GameObject:
  m_ObjectHideFlags: 0
  m_CorrespondingSourceObject: {fileID: 0}
  m_PrefabInstance: {fileID: 0}
  m_PrefabAsset: {fileID: 0}
  serializedVersion: 6
  m_Component:
  - component: {fileID: 1544393631660002654}
  - component: {fileID: 6532021442920057625}
  - component: {fileID: 702394229728463104}
  m_Layer: 5
  m_Name: Image (2)
  m_TagString: Untagged
  m_Icon: {fileID: 0}
  m_NavMeshLayer: 0
  m_StaticEditorFlags: 0
  m_IsActive: 0
--- !u!224 &1544393631660002654
RectTransform:
  m_ObjectHideFlags: 0
  m_CorrespondingSourceObject: {fileID: 0}
  m_PrefabInstance: {fileID: 0}
  m_PrefabAsset: {fileID: 0}
  m_GameObject: {fileID: 6483624082813957173}
  m_LocalRotation: {x: -0, y: 0, z: 0, w: 1}
  m_LocalPosition: {x: 0, y: 0, z: 0}
  m_LocalScale: {x: 1, y: 1, z: 1}
  m_Children: []
  m_Father: {fileID: 5988841285045884606}
  m_RootOrder: 2
  m_LocalEulerAnglesHint: {x: 0, y: 0, z: 0}
  m_AnchorMin: {x: 0.5, y: 0.5}
  m_AnchorMax: {x: 0.5, y: 0.5}
  m_AnchoredPosition: {x: 21.779995, y: 16.79998}
  m_SizeDelta: {x: 32, y: 32}
  m_Pivot: {x: 0.5, y: 0.5}
--- !u!222 &6532021442920057625
CanvasRenderer:
  m_ObjectHideFlags: 0
  m_CorrespondingSourceObject: {fileID: 0}
  m_PrefabInstance: {fileID: 0}
  m_PrefabAsset: {fileID: 0}
  m_GameObject: {fileID: 6483624082813957173}
  m_CullTransparentMesh: 1
--- !u!114 &702394229728463104
MonoBehaviour:
  m_ObjectHideFlags: 0
  m_CorrespondingSourceObject: {fileID: 0}
  m_PrefabInstance: {fileID: 0}
  m_PrefabAsset: {fileID: 0}
  m_GameObject: {fileID: 6483624082813957173}
  m_Enabled: 1
  m_EditorHideFlags: 0
  m_Script: {fileID: 11500000, guid: fe87c0e1cc204ed48ad3b37840f39efc, type: 3}
  m_Name: 
  m_EditorClassIdentifier: 
  m_Material: {fileID: 0}
  m_Color: {r: 0.19607843, g: 0.19607843, b: 0.19607843, a: 1}
  m_RaycastTarget: 1
  m_RaycastPadding: {x: 0, y: 0, z: 0, w: 0}
  m_Maskable: 1
  m_OnCullStateChanged:
    m_PersistentCalls:
      m_Calls: []
  m_Sprite: {fileID: 21300000, guid: aa690e6ef8597407997f3b4f54055779, type: 3}
  m_Type: 0
  m_PreserveAspect: 0
  m_FillCenter: 1
  m_FillMethod: 4
  m_FillAmount: 1
  m_FillClockwise: 1
  m_FillOrigin: 0
  m_UseSpriteMesh: 0
  m_PixelsPerUnitMultiplier: 1
--- !u!1 &7817143227024738371
GameObject:
  m_ObjectHideFlags: 0
  m_CorrespondingSourceObject: {fileID: 0}
  m_PrefabInstance: {fileID: 0}
  m_PrefabAsset: {fileID: 0}
  serializedVersion: 6
  m_Component:
  - component: {fileID: 5988841285045884606}
  - component: {fileID: 3438681205716736242}
  - component: {fileID: 4917695717501811564}
  - component: {fileID: 6433147189551840218}
  - component: {fileID: 6942858455244588870}
  - component: {fileID: 5076452673081322764}
  - component: {fileID: 4982107140908793058}
  m_Layer: 5
  m_Name: BoostButton
  m_TagString: Untagged
  m_Icon: {fileID: 0}
  m_NavMeshLayer: 0
  m_StaticEditorFlags: 0
  m_IsActive: 1
--- !u!224 &5988841285045884606
RectTransform:
  m_ObjectHideFlags: 0
  m_CorrespondingSourceObject: {fileID: 0}
  m_PrefabInstance: {fileID: 0}
  m_PrefabAsset: {fileID: 0}
  m_GameObject: {fileID: 7817143227024738371}
  m_LocalRotation: {x: -0, y: -0, z: -0, w: 1}
  m_LocalPosition: {x: 0, y: 0, z: 0}
  m_LocalScale: {x: 1, y: -1, z: 1}
  m_Children:
  - {fileID: 3300939335371471326}
  - {fileID: 1333289412716798737}
  - {fileID: 1544393631660002654}
  - {fileID: 4381591900636858965}
  m_Father: {fileID: 1304748093620780372}
  m_RootOrder: 11
  m_LocalEulerAnglesHint: {x: 0, y: 0, z: 0}
  m_AnchorMin: {x: 0, y: 0}
  m_AnchorMax: {x: 0, y: 0}
  m_AnchoredPosition: {x: 0, y: 0}
  m_SizeDelta: {x: 266.05, y: 89.28}
  m_Pivot: {x: 0.5, y: 0.5}
--- !u!222 &3438681205716736242
CanvasRenderer:
  m_ObjectHideFlags: 0
  m_CorrespondingSourceObject: {fileID: 0}
  m_PrefabInstance: {fileID: 0}
  m_PrefabAsset: {fileID: 0}
  m_GameObject: {fileID: 7817143227024738371}
  m_CullTransparentMesh: 1
--- !u!114 &4917695717501811564
MonoBehaviour:
  m_ObjectHideFlags: 0
  m_CorrespondingSourceObject: {fileID: 0}
  m_PrefabInstance: {fileID: 0}
  m_PrefabAsset: {fileID: 0}
  m_GameObject: {fileID: 7817143227024738371}
  m_Enabled: 1
  m_EditorHideFlags: 0
  m_Script: {fileID: 11500000, guid: fe87c0e1cc204ed48ad3b37840f39efc, type: 3}
  m_Name: 
  m_EditorClassIdentifier: 
  m_Material: {fileID: 0}
  m_Color: {r: 1, g: 1, b: 1, a: 1}
  m_RaycastTarget: 1
  m_RaycastPadding: {x: 0, y: 0, z: 0, w: 0}
  m_Maskable: 1
  m_OnCullStateChanged:
    m_PersistentCalls:
      m_Calls: []
  m_Sprite: {fileID: 21300000, guid: 3c65eb2916e8a6f42bfc40fdccfac83b, type: 3}
  m_Type: 1
  m_PreserveAspect: 0
  m_FillCenter: 1
  m_FillMethod: 4
  m_FillAmount: 1
  m_FillClockwise: 1
  m_FillOrigin: 0
  m_UseSpriteMesh: 0
  m_PixelsPerUnitMultiplier: 2.4
--- !u!114 &6433147189551840218
MonoBehaviour:
  m_ObjectHideFlags: 0
  m_CorrespondingSourceObject: {fileID: 0}
  m_PrefabInstance: {fileID: 0}
  m_PrefabAsset: {fileID: 0}
  m_GameObject: {fileID: 7817143227024738371}
  m_Enabled: 1
  m_EditorHideFlags: 0
  m_Script: {fileID: 11500000, guid: 4e29b1a8efbd4b44bb3f3716e73f07ff, type: 3}
  m_Name: 
  m_EditorClassIdentifier: 
  m_Navigation:
    m_Mode: 3
    m_WrapAround: 0
    m_SelectOnUp: {fileID: 0}
    m_SelectOnDown: {fileID: 0}
    m_SelectOnLeft: {fileID: 0}
    m_SelectOnRight: {fileID: 0}
  m_Transition: 1
  m_Colors:
    m_NormalColor: {r: 1, g: 1, b: 1, a: 1}
    m_HighlightedColor: {r: 0.9607843, g: 0.9607843, b: 0.9607843, a: 1}
    m_PressedColor: {r: 0.78431374, g: 0.78431374, b: 0.78431374, a: 1}
    m_SelectedColor: {r: 0.9607843, g: 0.9607843, b: 0.9607843, a: 1}
    m_DisabledColor: {r: 0.78431374, g: 0.78431374, b: 0.78431374, a: 0.5019608}
    m_ColorMultiplier: 1
    m_FadeDuration: 0.1
  m_SpriteState:
    m_HighlightedSprite: {fileID: 0}
    m_PressedSprite: {fileID: 0}
    m_SelectedSprite: {fileID: 0}
    m_DisabledSprite: {fileID: 0}
  m_AnimationTriggers:
    m_NormalTrigger: Normal
    m_HighlightedTrigger: Highlighted
    m_PressedTrigger: Pressed
    m_SelectedTrigger: Selected
    m_DisabledTrigger: Disabled
  m_Interactable: 1
  m_TargetGraphic: {fileID: 4917695717501811564}
  m_OnClick:
    m_PersistentCalls:
      m_Calls: []
--- !u!225 &6942858455244588870
CanvasGroup:
  m_ObjectHideFlags: 0
  m_CorrespondingSourceObject: {fileID: 0}
  m_PrefabInstance: {fileID: 0}
  m_PrefabAsset: {fileID: 0}
  m_GameObject: {fileID: 7817143227024738371}
  m_Enabled: 1
  m_Alpha: 1
  m_Interactable: 1
  m_BlocksRaycasts: 1
  m_IgnoreParentGroups: 0
--- !u!223 &5076452673081322764
Canvas:
  m_ObjectHideFlags: 0
  m_CorrespondingSourceObject: {fileID: 0}
  m_PrefabInstance: {fileID: 0}
  m_PrefabAsset: {fileID: 0}
  m_GameObject: {fileID: 7817143227024738371}
  m_Enabled: 1
  serializedVersion: 3
  m_RenderMode: 2
  m_Camera: {fileID: 0}
  m_PlaneDistance: 100
  m_PixelPerfect: 0
  m_ReceivesEvents: 1
  m_OverrideSorting: 0
  m_OverridePixelPerfect: 0
  m_SortingBucketNormalizedSize: 0
  m_AdditionalShaderChannelsFlag: 0
  m_SortingLayerID: 0
  m_SortingOrder: 0
  m_TargetDisplay: 0
--- !u!114 &4982107140908793058
MonoBehaviour:
  m_ObjectHideFlags: 0
  m_CorrespondingSourceObject: {fileID: 0}
  m_PrefabInstance: {fileID: 0}
  m_PrefabAsset: {fileID: 0}
  m_GameObject: {fileID: 7817143227024738371}
  m_Enabled: 1
  m_EditorHideFlags: 0
  m_Script: {fileID: 11500000, guid: dc42784cf147c0c48a680349fa168899, type: 3}
  m_Name: 
  m_EditorClassIdentifier: 
  m_IgnoreReversedGraphics: 1
  m_BlockingObjects: 0
  m_BlockingMask:
    serializedVersion: 2
    m_Bits: 4294967295
--- !u!1 &8275997200432488279
GameObject:
  m_ObjectHideFlags: 0
  m_CorrespondingSourceObject: {fileID: 0}
  m_PrefabInstance: {fileID: 0}
  m_PrefabAsset: {fileID: 0}
  serializedVersion: 6
  m_Component:
  - component: {fileID: 5912159131273710238}
  - component: {fileID: 5198023163909076402}
  - component: {fileID: 5195395548461826334}
  m_Layer: 5
  m_Name: Panel
  m_TagString: Untagged
  m_Icon: {fileID: 0}
  m_NavMeshLayer: 0
  m_StaticEditorFlags: 0
  m_IsActive: 0
--- !u!224 &5912159131273710238
RectTransform:
  m_ObjectHideFlags: 0
  m_CorrespondingSourceObject: {fileID: 0}
  m_PrefabInstance: {fileID: 0}
  m_PrefabAsset: {fileID: 0}
  m_GameObject: {fileID: 8275997200432488279}
  m_LocalRotation: {x: 0, y: 0, z: 0, w: 1}
  m_LocalPosition: {x: 0, y: 0, z: 0}
  m_LocalScale: {x: 1, y: 1, z: 1}
  m_Children:
  - {fileID: 6006502179014485228}
  m_Father: {fileID: 1304748093620780372}
  m_RootOrder: 5
  m_LocalEulerAnglesHint: {x: 0, y: 0, z: 0}
  m_AnchorMin: {x: 0, y: 1}
  m_AnchorMax: {x: 0, y: 1}
  m_AnchoredPosition: {x: 290.07, y: -597.78}
  m_SizeDelta: {x: 0, y: 35}
  m_Pivot: {x: 0.5, y: 0.5}
--- !u!222 &5198023163909076402
CanvasRenderer:
  m_ObjectHideFlags: 0
  m_CorrespondingSourceObject: {fileID: 0}
  m_PrefabInstance: {fileID: 0}
  m_PrefabAsset: {fileID: 0}
  m_GameObject: {fileID: 8275997200432488279}
  m_CullTransparentMesh: 1
--- !u!114 &5195395548461826334
MonoBehaviour:
  m_ObjectHideFlags: 0
  m_CorrespondingSourceObject: {fileID: 0}
  m_PrefabInstance: {fileID: 0}
  m_PrefabAsset: {fileID: 0}
  m_GameObject: {fileID: 8275997200432488279}
  m_Enabled: 1
  m_EditorHideFlags: 0
  m_Script: {fileID: 11500000, guid: fe87c0e1cc204ed48ad3b37840f39efc, type: 3}
  m_Name: 
  m_EditorClassIdentifier: 
  m_Material: {fileID: 0}
  m_Color: {r: 1, g: 1, b: 1, a: 0.392}
  m_RaycastTarget: 1
  m_RaycastPadding: {x: 0, y: 0, z: 0, w: 0}
  m_Maskable: 1
  m_OnCullStateChanged:
    m_PersistentCalls:
      m_Calls: []
  m_Sprite: {fileID: 10907, guid: 0000000000000000f000000000000000, type: 0}
  m_Type: 1
  m_PreserveAspect: 0
  m_FillCenter: 1
  m_FillMethod: 4
  m_FillAmount: 1
  m_FillClockwise: 1
  m_FillOrigin: 0
  m_UseSpriteMesh: 0
  m_PixelsPerUnitMultiplier: 1
--- !u!1 &8715553405607749472
GameObject:
  m_ObjectHideFlags: 0
  m_CorrespondingSourceObject: {fileID: 0}
  m_PrefabInstance: {fileID: 0}
  m_PrefabAsset: {fileID: 0}
  serializedVersion: 6
  m_Component:
  - component: {fileID: 19080094227075814}
  - component: {fileID: 8707545379378649918}
  - component: {fileID: 5575845942411391423}
  m_Layer: 5
  m_Name: Title (2)
  m_TagString: Untagged
  m_Icon: {fileID: 0}
  m_NavMeshLayer: 0
  m_StaticEditorFlags: 0
  m_IsActive: 1
--- !u!224 &19080094227075814
RectTransform:
  m_ObjectHideFlags: 0
  m_CorrespondingSourceObject: {fileID: 0}
  m_PrefabInstance: {fileID: 0}
  m_PrefabAsset: {fileID: 0}
  m_GameObject: {fileID: 8715553405607749472}
  m_LocalRotation: {x: -0, y: -0, z: -0, w: 1}
  m_LocalPosition: {x: 0, y: 0, z: 0}
  m_LocalScale: {x: 1, y: 1, z: 1}
  m_Children: []
  m_Father: {fileID: 6031648137990552410}
  m_RootOrder: 1
  m_LocalEulerAnglesHint: {x: 0, y: 0, z: 0}
  m_AnchorMin: {x: 1, y: 0.5}
  m_AnchorMax: {x: 1, y: 0.5}
  m_AnchoredPosition: {x: 79.705, y: 0.000014075}
  m_SizeDelta: {x: 101.4109, y: 35.8286}
  m_Pivot: {x: 0.5, y: 0.5}
--- !u!222 &8707545379378649918
CanvasRenderer:
  m_ObjectHideFlags: 0
  m_CorrespondingSourceObject: {fileID: 0}
  m_PrefabInstance: {fileID: 0}
  m_PrefabAsset: {fileID: 0}
  m_GameObject: {fileID: 8715553405607749472}
  m_CullTransparentMesh: 0
--- !u!114 &5575845942411391423
MonoBehaviour:
  m_ObjectHideFlags: 0
  m_CorrespondingSourceObject: {fileID: 0}
  m_PrefabInstance: {fileID: 0}
  m_PrefabAsset: {fileID: 0}
  m_GameObject: {fileID: 8715553405607749472}
  m_Enabled: 1
  m_EditorHideFlags: 0
  m_Script: {fileID: 11500000, guid: 5f7201a12d95ffc409449d95f23cf332, type: 3}
  m_Name: 
  m_EditorClassIdentifier: 
  m_Material: {fileID: 0}
  m_Color: {r: 1, g: 1, b: 1, a: 1}
  m_RaycastTarget: 1
  m_RaycastPadding: {x: 0, y: 0, z: 0, w: 0}
  m_Maskable: 1
  m_OnCullStateChanged:
    m_PersistentCalls:
      m_Calls: []
  m_FontData:
    m_Font: {fileID: 12800000, guid: 0dcbffe190c1a204dac7ed2b776cce80, type: 3}
    m_FontSize: 14
    m_FontStyle: 0
    m_BestFit: 1
    m_MinSize: 1
    m_MaxSize: 28
    m_Alignment: 3
    m_AlignByGeometry: 0
    m_RichText: 1
    m_HorizontalOverflow: 0
    m_VerticalOverflow: 0
    m_LineSpacing: 1
  m_Text: 10.2k
--- !u!1 &9051896545687094174
GameObject:
  m_ObjectHideFlags: 0
  m_CorrespondingSourceObject: {fileID: 0}
  m_PrefabInstance: {fileID: 0}
  m_PrefabAsset: {fileID: 0}
  serializedVersion: 6
  m_Component:
  - component: {fileID: 1990102713964796895}
  - component: {fileID: 6891373788213503147}
  - component: {fileID: 3246610804079953486}
  m_Layer: 5
  m_Name: Title (2)
  m_TagString: Untagged
  m_Icon: {fileID: 0}
  m_NavMeshLayer: 0
  m_StaticEditorFlags: 0
  m_IsActive: 1
--- !u!224 &1990102713964796895
RectTransform:
  m_ObjectHideFlags: 0
  m_CorrespondingSourceObject: {fileID: 0}
  m_PrefabInstance: {fileID: 0}
  m_PrefabAsset: {fileID: 0}
  m_GameObject: {fileID: 9051896545687094174}
  m_LocalRotation: {x: -0, y: -0, z: -0, w: 1}
  m_LocalPosition: {x: 0, y: 0, z: 0}
  m_LocalScale: {x: 1, y: -1, z: 1}
  m_Children: []
  m_Father: {fileID: 1304748093620780372}
  m_RootOrder: 4
  m_LocalEulerAnglesHint: {x: 0, y: 0, z: 0}
  m_AnchorMin: {x: 0, y: 0}
  m_AnchorMax: {x: 0, y: 0}
  m_AnchoredPosition: {x: 0, y: 0}
  m_SizeDelta: {x: 277.5467, y: 35.8286}
  m_Pivot: {x: 0.5, y: 0.5}
--- !u!222 &6891373788213503147
CanvasRenderer:
  m_ObjectHideFlags: 0
  m_CorrespondingSourceObject: {fileID: 0}
  m_PrefabInstance: {fileID: 0}
  m_PrefabAsset: {fileID: 0}
  m_GameObject: {fileID: 9051896545687094174}
  m_CullTransparentMesh: 0
--- !u!114 &3246610804079953486
MonoBehaviour:
  m_ObjectHideFlags: 0
  m_CorrespondingSourceObject: {fileID: 0}
  m_PrefabInstance: {fileID: 0}
  m_PrefabAsset: {fileID: 0}
  m_GameObject: {fileID: 9051896545687094174}
  m_Enabled: 1
  m_EditorHideFlags: 0
  m_Script: {fileID: 11500000, guid: 5f7201a12d95ffc409449d95f23cf332, type: 3}
  m_Name: 
  m_EditorClassIdentifier: 
  m_Material: {fileID: 0}
  m_Color: {r: 1, g: 1, b: 1, a: 1}
  m_RaycastTarget: 1
  m_RaycastPadding: {x: 0, y: 0, z: 0, w: 0}
  m_Maskable: 1
  m_OnCullStateChanged:
    m_PersistentCalls:
      m_Calls: []
  m_FontData:
    m_Font: {fileID: 12800000, guid: 0dcbffe190c1a204dac7ed2b776cce80, type: 3}
    m_FontSize: 14
    m_FontStyle: 0
    m_BestFit: 1
    m_MinSize: 1
    m_MaxSize: 28
    m_Alignment: 4
    m_AlignByGeometry: 0
    m_RichText: 1
    m_HorizontalOverflow: 0
    m_VerticalOverflow: 0
    m_LineSpacing: 1
  m_Text: In Progress
--- !u!1001 &306144417201384852
PrefabInstance:
  m_ObjectHideFlags: 0
  serializedVersion: 2
  m_Modification:
    m_TransformParent: {fileID: 1304748093620780372}
    m_Modifications:
    - target: {fileID: 2834430049648425028, guid: c4b6449434d5f1f48be5a0e87ed05b67,
        type: 3}
      propertyPath: m_Name
      value: ModifierInfoPanel (1)
      objectReference: {fileID: 0}
    - target: {fileID: 4232964462095065853, guid: c4b6449434d5f1f48be5a0e87ed05b67,
        type: 3}
      propertyPath: m_Pivot.x
      value: 0.5
      objectReference: {fileID: 0}
    - target: {fileID: 4232964462095065853, guid: c4b6449434d5f1f48be5a0e87ed05b67,
        type: 3}
      propertyPath: m_Pivot.y
      value: 0.5
      objectReference: {fileID: 0}
    - target: {fileID: 4232964462095065853, guid: c4b6449434d5f1f48be5a0e87ed05b67,
        type: 3}
      propertyPath: m_RootOrder
      value: 8
      objectReference: {fileID: 0}
    - target: {fileID: 4232964462095065853, guid: c4b6449434d5f1f48be5a0e87ed05b67,
        type: 3}
      propertyPath: m_AnchorMax.x
      value: 0
      objectReference: {fileID: 0}
    - target: {fileID: 4232964462095065853, guid: c4b6449434d5f1f48be5a0e87ed05b67,
        type: 3}
      propertyPath: m_AnchorMax.y
      value: 0
      objectReference: {fileID: 0}
    - target: {fileID: 4232964462095065853, guid: c4b6449434d5f1f48be5a0e87ed05b67,
        type: 3}
      propertyPath: m_AnchorMin.x
      value: 0
      objectReference: {fileID: 0}
    - target: {fileID: 4232964462095065853, guid: c4b6449434d5f1f48be5a0e87ed05b67,
        type: 3}
      propertyPath: m_AnchorMin.y
      value: 0
      objectReference: {fileID: 0}
    - target: {fileID: 4232964462095065853, guid: c4b6449434d5f1f48be5a0e87ed05b67,
        type: 3}
      propertyPath: m_SizeDelta.x
      value: 420
      objectReference: {fileID: 0}
    - target: {fileID: 4232964462095065853, guid: c4b6449434d5f1f48be5a0e87ed05b67,
        type: 3}
      propertyPath: m_SizeDelta.y
      value: 96
      objectReference: {fileID: 0}
    - target: {fileID: 4232964462095065853, guid: c4b6449434d5f1f48be5a0e87ed05b67,
        type: 3}
      propertyPath: m_LocalPosition.x
      value: 0
      objectReference: {fileID: 0}
    - target: {fileID: 4232964462095065853, guid: c4b6449434d5f1f48be5a0e87ed05b67,
        type: 3}
      propertyPath: m_LocalPosition.y
      value: 0
      objectReference: {fileID: 0}
    - target: {fileID: 4232964462095065853, guid: c4b6449434d5f1f48be5a0e87ed05b67,
        type: 3}
      propertyPath: m_LocalPosition.z
      value: 0
      objectReference: {fileID: 0}
    - target: {fileID: 4232964462095065853, guid: c4b6449434d5f1f48be5a0e87ed05b67,
        type: 3}
      propertyPath: m_LocalRotation.w
      value: 1
      objectReference: {fileID: 0}
    - target: {fileID: 4232964462095065853, guid: c4b6449434d5f1f48be5a0e87ed05b67,
        type: 3}
      propertyPath: m_LocalRotation.x
      value: 0
      objectReference: {fileID: 0}
    - target: {fileID: 4232964462095065853, guid: c4b6449434d5f1f48be5a0e87ed05b67,
        type: 3}
      propertyPath: m_LocalRotation.y
      value: 0
      objectReference: {fileID: 0}
    - target: {fileID: 4232964462095065853, guid: c4b6449434d5f1f48be5a0e87ed05b67,
        type: 3}
      propertyPath: m_LocalRotation.z
      value: 0
      objectReference: {fileID: 0}
    - target: {fileID: 4232964462095065853, guid: c4b6449434d5f1f48be5a0e87ed05b67,
        type: 3}
      propertyPath: m_AnchoredPosition.x
      value: 0
      objectReference: {fileID: 0}
    - target: {fileID: 4232964462095065853, guid: c4b6449434d5f1f48be5a0e87ed05b67,
        type: 3}
      propertyPath: m_AnchoredPosition.y
      value: 0
      objectReference: {fileID: 0}
    - target: {fileID: 4232964462095065853, guid: c4b6449434d5f1f48be5a0e87ed05b67,
        type: 3}
      propertyPath: m_LocalEulerAnglesHint.x
      value: 0
      objectReference: {fileID: 0}
    - target: {fileID: 4232964462095065853, guid: c4b6449434d5f1f48be5a0e87ed05b67,
        type: 3}
      propertyPath: m_LocalEulerAnglesHint.y
      value: 0
      objectReference: {fileID: 0}
    - target: {fileID: 4232964462095065853, guid: c4b6449434d5f1f48be5a0e87ed05b67,
        type: 3}
      propertyPath: m_LocalEulerAnglesHint.z
      value: 0
      objectReference: {fileID: 0}
    m_RemovedComponents: []
  m_SourcePrefab: {fileID: 100100000, guid: c4b6449434d5f1f48be5a0e87ed05b67, type: 3}
--- !u!114 &1768235982183311679 stripped
MonoBehaviour:
  m_CorrespondingSourceObject: {fileID: 2068750886260720811, guid: c4b6449434d5f1f48be5a0e87ed05b67,
    type: 3}
  m_PrefabInstance: {fileID: 306144417201384852}
  m_PrefabAsset: {fileID: 0}
  m_GameObject: {fileID: 0}
  m_Enabled: 1
  m_EditorHideFlags: 0
  m_Script: {fileID: 11500000, guid: 01bcef31200f43969dda47c25255cc5f, type: 3}
  m_Name: 
  m_EditorClassIdentifier: 
--- !u!1001 &814440142370198039
PrefabInstance:
  m_ObjectHideFlags: 0
  serializedVersion: 2
  m_Modification:
    m_TransformParent: {fileID: 1304748093620780372}
    m_Modifications:
    - target: {fileID: 2834430049648425028, guid: c4b6449434d5f1f48be5a0e87ed05b67,
        type: 3}
      propertyPath: m_Name
      value: OpportunityInfoPanel (2)
      objectReference: {fileID: 0}
    - target: {fileID: 4232964462095065853, guid: c4b6449434d5f1f48be5a0e87ed05b67,
        type: 3}
      propertyPath: m_Pivot.x
      value: 0.5
      objectReference: {fileID: 0}
    - target: {fileID: 4232964462095065853, guid: c4b6449434d5f1f48be5a0e87ed05b67,
        type: 3}
      propertyPath: m_Pivot.y
      value: 0.5
      objectReference: {fileID: 0}
    - target: {fileID: 4232964462095065853, guid: c4b6449434d5f1f48be5a0e87ed05b67,
        type: 3}
      propertyPath: m_RootOrder
      value: 9
      objectReference: {fileID: 0}
    - target: {fileID: 4232964462095065853, guid: c4b6449434d5f1f48be5a0e87ed05b67,
        type: 3}
      propertyPath: m_AnchorMax.x
      value: 0
      objectReference: {fileID: 0}
    - target: {fileID: 4232964462095065853, guid: c4b6449434d5f1f48be5a0e87ed05b67,
        type: 3}
      propertyPath: m_AnchorMax.y
      value: 0
      objectReference: {fileID: 0}
    - target: {fileID: 4232964462095065853, guid: c4b6449434d5f1f48be5a0e87ed05b67,
        type: 3}
      propertyPath: m_AnchorMin.x
      value: 0
      objectReference: {fileID: 0}
    - target: {fileID: 4232964462095065853, guid: c4b6449434d5f1f48be5a0e87ed05b67,
        type: 3}
      propertyPath: m_AnchorMin.y
      value: 0
      objectReference: {fileID: 0}
    - target: {fileID: 4232964462095065853, guid: c4b6449434d5f1f48be5a0e87ed05b67,
        type: 3}
      propertyPath: m_SizeDelta.x
      value: 420
      objectReference: {fileID: 0}
    - target: {fileID: 4232964462095065853, guid: c4b6449434d5f1f48be5a0e87ed05b67,
        type: 3}
      propertyPath: m_SizeDelta.y
      value: 96
      objectReference: {fileID: 0}
    - target: {fileID: 4232964462095065853, guid: c4b6449434d5f1f48be5a0e87ed05b67,
        type: 3}
      propertyPath: m_LocalPosition.x
      value: 0
      objectReference: {fileID: 0}
    - target: {fileID: 4232964462095065853, guid: c4b6449434d5f1f48be5a0e87ed05b67,
        type: 3}
      propertyPath: m_LocalPosition.y
      value: 0
      objectReference: {fileID: 0}
    - target: {fileID: 4232964462095065853, guid: c4b6449434d5f1f48be5a0e87ed05b67,
        type: 3}
      propertyPath: m_LocalPosition.z
      value: 0
      objectReference: {fileID: 0}
    - target: {fileID: 4232964462095065853, guid: c4b6449434d5f1f48be5a0e87ed05b67,
        type: 3}
      propertyPath: m_LocalRotation.w
      value: 1
      objectReference: {fileID: 0}
    - target: {fileID: 4232964462095065853, guid: c4b6449434d5f1f48be5a0e87ed05b67,
        type: 3}
      propertyPath: m_LocalRotation.x
      value: 0
      objectReference: {fileID: 0}
    - target: {fileID: 4232964462095065853, guid: c4b6449434d5f1f48be5a0e87ed05b67,
        type: 3}
      propertyPath: m_LocalRotation.y
      value: 0
      objectReference: {fileID: 0}
    - target: {fileID: 4232964462095065853, guid: c4b6449434d5f1f48be5a0e87ed05b67,
        type: 3}
      propertyPath: m_LocalRotation.z
      value: 0
      objectReference: {fileID: 0}
    - target: {fileID: 4232964462095065853, guid: c4b6449434d5f1f48be5a0e87ed05b67,
        type: 3}
      propertyPath: m_AnchoredPosition.x
      value: 0
      objectReference: {fileID: 0}
    - target: {fileID: 4232964462095065853, guid: c4b6449434d5f1f48be5a0e87ed05b67,
        type: 3}
      propertyPath: m_AnchoredPosition.y
      value: 0
      objectReference: {fileID: 0}
    - target: {fileID: 4232964462095065853, guid: c4b6449434d5f1f48be5a0e87ed05b67,
        type: 3}
      propertyPath: m_LocalEulerAnglesHint.x
      value: 0
      objectReference: {fileID: 0}
    - target: {fileID: 4232964462095065853, guid: c4b6449434d5f1f48be5a0e87ed05b67,
        type: 3}
      propertyPath: m_LocalEulerAnglesHint.y
      value: 0
      objectReference: {fileID: 0}
    - target: {fileID: 4232964462095065853, guid: c4b6449434d5f1f48be5a0e87ed05b67,
        type: 3}
      propertyPath: m_LocalEulerAnglesHint.z
      value: 0
      objectReference: {fileID: 0}
    - target: {fileID: 8426635877103867832, guid: c4b6449434d5f1f48be5a0e87ed05b67,
        type: 3}
      propertyPath: stepIds.Array.size
      value: 4
      objectReference: {fileID: 0}
    - target: {fileID: 8426635877103867832, guid: c4b6449434d5f1f48be5a0e87ed05b67,
        type: 3}
      propertyPath: stepIds.Array.data[2]
      value: core_clearJumpInfo
      objectReference: {fileID: 0}
    - target: {fileID: 8426635877103867832, guid: c4b6449434d5f1f48be5a0e87ed05b67,
        type: 3}
      propertyPath: stepIds.Array.data[3]
      value: core_tapNextSectorJump
      objectReference: {fileID: 0}
    m_RemovedComponents: []
  m_SourcePrefab: {fileID: 100100000, guid: c4b6449434d5f1f48be5a0e87ed05b67, type: 3}
--- !u!114 &1727364683013494460 stripped
MonoBehaviour:
  m_CorrespondingSourceObject: {fileID: 2068750886260720811, guid: c4b6449434d5f1f48be5a0e87ed05b67,
    type: 3}
  m_PrefabInstance: {fileID: 814440142370198039}
  m_PrefabAsset: {fileID: 0}
  m_GameObject: {fileID: 0}
  m_Enabled: 1
  m_EditorHideFlags: 0
  m_Script: {fileID: 11500000, guid: 01bcef31200f43969dda47c25255cc5f, type: 3}
  m_Name: 
  m_EditorClassIdentifier: 
--- !u!1001 &919081257934396221
PrefabInstance:
  m_ObjectHideFlags: 0
  serializedVersion: 2
  m_Modification:
    m_TransformParent: {fileID: 1304748093620780372}
    m_Modifications:
    - target: {fileID: 2834430049648425028, guid: c4b6449434d5f1f48be5a0e87ed05b67,
        type: 3}
      propertyPath: m_Name
      value: ModifierInfoPanel
      objectReference: {fileID: 0}
    - target: {fileID: 4232964462095065853, guid: c4b6449434d5f1f48be5a0e87ed05b67,
        type: 3}
      propertyPath: m_Pivot.x
      value: 0.5
      objectReference: {fileID: 0}
    - target: {fileID: 4232964462095065853, guid: c4b6449434d5f1f48be5a0e87ed05b67,
        type: 3}
      propertyPath: m_Pivot.y
      value: 0.5
      objectReference: {fileID: 0}
    - target: {fileID: 4232964462095065853, guid: c4b6449434d5f1f48be5a0e87ed05b67,
        type: 3}
      propertyPath: m_RootOrder
      value: 7
      objectReference: {fileID: 0}
    - target: {fileID: 4232964462095065853, guid: c4b6449434d5f1f48be5a0e87ed05b67,
        type: 3}
      propertyPath: m_AnchorMax.x
      value: 0
      objectReference: {fileID: 0}
    - target: {fileID: 4232964462095065853, guid: c4b6449434d5f1f48be5a0e87ed05b67,
        type: 3}
      propertyPath: m_AnchorMax.y
      value: 0
      objectReference: {fileID: 0}
    - target: {fileID: 4232964462095065853, guid: c4b6449434d5f1f48be5a0e87ed05b67,
        type: 3}
      propertyPath: m_AnchorMin.x
      value: 0
      objectReference: {fileID: 0}
    - target: {fileID: 4232964462095065853, guid: c4b6449434d5f1f48be5a0e87ed05b67,
        type: 3}
      propertyPath: m_AnchorMin.y
      value: 0
      objectReference: {fileID: 0}
    - target: {fileID: 4232964462095065853, guid: c4b6449434d5f1f48be5a0e87ed05b67,
        type: 3}
      propertyPath: m_SizeDelta.x
      value: 420
      objectReference: {fileID: 0}
    - target: {fileID: 4232964462095065853, guid: c4b6449434d5f1f48be5a0e87ed05b67,
        type: 3}
      propertyPath: m_SizeDelta.y
      value: 96
      objectReference: {fileID: 0}
    - target: {fileID: 4232964462095065853, guid: c4b6449434d5f1f48be5a0e87ed05b67,
        type: 3}
      propertyPath: m_LocalPosition.x
      value: 0
      objectReference: {fileID: 0}
    - target: {fileID: 4232964462095065853, guid: c4b6449434d5f1f48be5a0e87ed05b67,
        type: 3}
      propertyPath: m_LocalPosition.y
      value: 0
      objectReference: {fileID: 0}
    - target: {fileID: 4232964462095065853, guid: c4b6449434d5f1f48be5a0e87ed05b67,
        type: 3}
      propertyPath: m_LocalPosition.z
      value: 0
      objectReference: {fileID: 0}
    - target: {fileID: 4232964462095065853, guid: c4b6449434d5f1f48be5a0e87ed05b67,
        type: 3}
      propertyPath: m_LocalRotation.w
      value: 1
      objectReference: {fileID: 0}
    - target: {fileID: 4232964462095065853, guid: c4b6449434d5f1f48be5a0e87ed05b67,
        type: 3}
      propertyPath: m_LocalRotation.x
      value: 0
      objectReference: {fileID: 0}
    - target: {fileID: 4232964462095065853, guid: c4b6449434d5f1f48be5a0e87ed05b67,
        type: 3}
      propertyPath: m_LocalRotation.y
      value: 0
      objectReference: {fileID: 0}
    - target: {fileID: 4232964462095065853, guid: c4b6449434d5f1f48be5a0e87ed05b67,
        type: 3}
      propertyPath: m_LocalRotation.z
      value: 0
      objectReference: {fileID: 0}
    - target: {fileID: 4232964462095065853, guid: c4b6449434d5f1f48be5a0e87ed05b67,
        type: 3}
      propertyPath: m_AnchoredPosition.x
      value: 0
      objectReference: {fileID: 0}
    - target: {fileID: 4232964462095065853, guid: c4b6449434d5f1f48be5a0e87ed05b67,
        type: 3}
      propertyPath: m_AnchoredPosition.y
      value: 0
      objectReference: {fileID: 0}
    - target: {fileID: 4232964462095065853, guid: c4b6449434d5f1f48be5a0e87ed05b67,
        type: 3}
      propertyPath: m_LocalEulerAnglesHint.x
      value: 0
      objectReference: {fileID: 0}
    - target: {fileID: 4232964462095065853, guid: c4b6449434d5f1f48be5a0e87ed05b67,
        type: 3}
      propertyPath: m_LocalEulerAnglesHint.y
      value: 0
      objectReference: {fileID: 0}
    - target: {fileID: 4232964462095065853, guid: c4b6449434d5f1f48be5a0e87ed05b67,
        type: 3}
      propertyPath: m_LocalEulerAnglesHint.z
      value: 0
      objectReference: {fileID: 0}
    - target: {fileID: 7083105166317470527, guid: c4b6449434d5f1f48be5a0e87ed05b67,
        type: 3}
      propertyPath: m_Sprite
      value: 
      objectReference: {fileID: 21300000, guid: 80ea082fa9aab314399eba795cd62c4c,
        type: 3}
    m_RemovedComponents: []
  m_SourcePrefab: {fileID: 100100000, guid: c4b6449434d5f1f48be5a0e87ed05b67, type: 3}
--- !u!114 &1185738012684607382 stripped
MonoBehaviour:
  m_CorrespondingSourceObject: {fileID: 2068750886260720811, guid: c4b6449434d5f1f48be5a0e87ed05b67,
    type: 3}
  m_PrefabInstance: {fileID: 919081257934396221}
  m_PrefabAsset: {fileID: 0}
  m_GameObject: {fileID: 0}
  m_Enabled: 1
  m_EditorHideFlags: 0
  m_Script: {fileID: 11500000, guid: 01bcef31200f43969dda47c25255cc5f, type: 3}
  m_Name: 
  m_EditorClassIdentifier: 
--- !u!1001 &1296160713825534942
PrefabInstance:
  m_ObjectHideFlags: 0
  serializedVersion: 2
  m_Modification:
    m_TransformParent: {fileID: 5988841285045884606}
    m_Modifications:
    - target: {fileID: 643315748042333202, guid: 2a23f3e656e882441b52062e396cac07,
        type: 3}
      propertyPath: m_Name
      value: FTUE_StepPointer_UI
      objectReference: {fileID: 0}
    - target: {fileID: 3256781836362385803, guid: 2a23f3e656e882441b52062e396cac07,
        type: 3}
      propertyPath: m_Pivot.x
      value: 0.5
      objectReference: {fileID: 0}
    - target: {fileID: 3256781836362385803, guid: 2a23f3e656e882441b52062e396cac07,
        type: 3}
      propertyPath: m_Pivot.y
      value: 0.5
      objectReference: {fileID: 0}
    - target: {fileID: 3256781836362385803, guid: 2a23f3e656e882441b52062e396cac07,
        type: 3}
      propertyPath: m_RootOrder
      value: 3
      objectReference: {fileID: 0}
    - target: {fileID: 3256781836362385803, guid: 2a23f3e656e882441b52062e396cac07,
        type: 3}
      propertyPath: m_AnchorMax.x
      value: 0.5
      objectReference: {fileID: 0}
    - target: {fileID: 3256781836362385803, guid: 2a23f3e656e882441b52062e396cac07,
        type: 3}
      propertyPath: m_AnchorMax.y
      value: 0.5
      objectReference: {fileID: 0}
    - target: {fileID: 3256781836362385803, guid: 2a23f3e656e882441b52062e396cac07,
        type: 3}
      propertyPath: m_AnchorMin.x
      value: 0.5
      objectReference: {fileID: 0}
    - target: {fileID: 3256781836362385803, guid: 2a23f3e656e882441b52062e396cac07,
        type: 3}
      propertyPath: m_AnchorMin.y
      value: 0.5
      objectReference: {fileID: 0}
    - target: {fileID: 3256781836362385803, guid: 2a23f3e656e882441b52062e396cac07,
        type: 3}
      propertyPath: m_SizeDelta.x
      value: 100
      objectReference: {fileID: 0}
    - target: {fileID: 3256781836362385803, guid: 2a23f3e656e882441b52062e396cac07,
        type: 3}
      propertyPath: m_SizeDelta.y
      value: 100
      objectReference: {fileID: 0}
    - target: {fileID: 3256781836362385803, guid: 2a23f3e656e882441b52062e396cac07,
        type: 3}
      propertyPath: m_LocalPosition.x
      value: 0
      objectReference: {fileID: 0}
    - target: {fileID: 3256781836362385803, guid: 2a23f3e656e882441b52062e396cac07,
        type: 3}
      propertyPath: m_LocalPosition.y
      value: 0
      objectReference: {fileID: 0}
    - target: {fileID: 3256781836362385803, guid: 2a23f3e656e882441b52062e396cac07,
        type: 3}
      propertyPath: m_LocalPosition.z
      value: 0
      objectReference: {fileID: 0}
    - target: {fileID: 3256781836362385803, guid: 2a23f3e656e882441b52062e396cac07,
        type: 3}
      propertyPath: m_LocalRotation.w
      value: 1
      objectReference: {fileID: 0}
    - target: {fileID: 3256781836362385803, guid: 2a23f3e656e882441b52062e396cac07,
        type: 3}
      propertyPath: m_LocalRotation.x
      value: 0
      objectReference: {fileID: 0}
    - target: {fileID: 3256781836362385803, guid: 2a23f3e656e882441b52062e396cac07,
        type: 3}
      propertyPath: m_LocalRotation.y
      value: 0
      objectReference: {fileID: 0}
    - target: {fileID: 3256781836362385803, guid: 2a23f3e656e882441b52062e396cac07,
        type: 3}
      propertyPath: m_LocalRotation.z
      value: 0
      objectReference: {fileID: 0}
    - target: {fileID: 3256781836362385803, guid: 2a23f3e656e882441b52062e396cac07,
        type: 3}
      propertyPath: m_AnchoredPosition.x
      value: 37
      objectReference: {fileID: 0}
    - target: {fileID: 3256781836362385803, guid: 2a23f3e656e882441b52062e396cac07,
        type: 3}
      propertyPath: m_AnchoredPosition.y
      value: 0
      objectReference: {fileID: 0}
    - target: {fileID: 3256781836362385803, guid: 2a23f3e656e882441b52062e396cac07,
        type: 3}
      propertyPath: m_LocalEulerAnglesHint.x
      value: 0
      objectReference: {fileID: 0}
    - target: {fileID: 3256781836362385803, guid: 2a23f3e656e882441b52062e396cac07,
        type: 3}
      propertyPath: m_LocalEulerAnglesHint.y
      value: 0
      objectReference: {fileID: 0}
    - target: {fileID: 3256781836362385803, guid: 2a23f3e656e882441b52062e396cac07,
        type: 3}
      propertyPath: m_LocalEulerAnglesHint.z
      value: 0
      objectReference: {fileID: 0}
    - target: {fileID: 6302889102907805711, guid: 2a23f3e656e882441b52062e396cac07,
        type: 3}
      propertyPath: stepIds.Array.size
      value: 3
      objectReference: {fileID: 0}
    - target: {fileID: 6302889102907805711, guid: 2a23f3e656e882441b52062e396cac07,
        type: 3}
      propertyPath: stepIds.Array.data[0]
      value: core_tapSectorJump
      objectReference: {fileID: 0}
    - target: {fileID: 6302889102907805711, guid: 2a23f3e656e882441b52062e396cac07,
        type: 3}
      propertyPath: stepIds.Array.data[1]
      value: core_tapNextSectorJump
      objectReference: {fileID: 0}
    - target: {fileID: 6302889102907805711, guid: 2a23f3e656e882441b52062e396cac07,
        type: 3}
      propertyPath: stepIds.Array.data[2]
      value: core_anomalyJump
      objectReference: {fileID: 0}
    m_RemovedComponents: []
  m_SourcePrefab: {fileID: 100100000, guid: 2a23f3e656e882441b52062e396cac07, type: 3}
--- !u!224 &4381591900636858965 stripped
RectTransform:
  m_CorrespondingSourceObject: {fileID: 3256781836362385803, guid: 2a23f3e656e882441b52062e396cac07,
    type: 3}
  m_PrefabInstance: {fileID: 1296160713825534942}
  m_PrefabAsset: {fileID: 0}
--- !u!1001 &6052180339141936822
PrefabInstance:
  m_ObjectHideFlags: 0
  serializedVersion: 2
  m_Modification:
    m_TransformParent: {fileID: 0}
    m_Modifications:
    - target: {fileID: 685202099764936513, guid: d2ce536a10361db4e8c74b0afade627c,
        type: 3}
      propertyPath: m_AnchorMax.x
      value: 0
      objectReference: {fileID: 0}
    - target: {fileID: 685202099764936513, guid: d2ce536a10361db4e8c74b0afade627c,
        type: 3}
      propertyPath: m_AnchorMax.y
      value: 0
      objectReference: {fileID: 0}
    - target: {fileID: 685202099764936513, guid: d2ce536a10361db4e8c74b0afade627c,
        type: 3}
      propertyPath: m_AnchorMin.y
      value: 0
      objectReference: {fileID: 0}
    - target: {fileID: 685202099764936513, guid: d2ce536a10361db4e8c74b0afade627c,
        type: 3}
      propertyPath: m_SizeDelta.y
      value: -16
      objectReference: {fileID: 0}
    - target: {fileID: 685202099764936513, guid: d2ce536a10361db4e8c74b0afade627c,
        type: 3}
      propertyPath: m_LocalScale.y
      value: -1
      objectReference: {fileID: 0}
    - target: {fileID: 685202099764936513, guid: d2ce536a10361db4e8c74b0afade627c,
        type: 3}
      propertyPath: m_AnchoredPosition.x
      value: 0
      objectReference: {fileID: 0}
    - target: {fileID: 685202099764936513, guid: d2ce536a10361db4e8c74b0afade627c,
        type: 3}
      propertyPath: m_AnchoredPosition.y
      value: 0
      objectReference: {fileID: 0}
    - target: {fileID: 3632467054639983009, guid: d2ce536a10361db4e8c74b0afade627c,
        type: 3}
      propertyPath: onOpen.m_PersistentCalls.m_Calls.Array.size
      value: 2
      objectReference: {fileID: 0}
    - target: {fileID: 3632467054639983009, guid: d2ce536a10361db4e8c74b0afade627c,
        type: 3}
      propertyPath: onOpen.m_PersistentCalls.m_Calls.Array.data[0].m_Mode
      value: 5
      objectReference: {fileID: 0}
    - target: {fileID: 3632467054639983009, guid: d2ce536a10361db4e8c74b0afade627c,
        type: 3}
      propertyPath: onOpen.m_PersistentCalls.m_Calls.Array.data[1].m_Mode
      value: 5
      objectReference: {fileID: 0}
    - target: {fileID: 3632467054639983009, guid: d2ce536a10361db4e8c74b0afade627c,
        type: 3}
      propertyPath: onOpen.m_PersistentCalls.m_Calls.Array.data[2].m_Mode
      value: 5
      objectReference: {fileID: 0}
    - target: {fileID: 3632467054639983009, guid: d2ce536a10361db4e8c74b0afade627c,
        type: 3}
      propertyPath: onOpen.m_PersistentCalls.m_Calls.Array.data[0].m_Target
      value: 
      objectReference: {fileID: 7394653081559144407}
    - target: {fileID: 3632467054639983009, guid: d2ce536a10361db4e8c74b0afade627c,
        type: 3}
      propertyPath: onOpen.m_PersistentCalls.m_Calls.Array.data[1].m_Target
      value: 
      objectReference: {fileID: 7394653081559144407}
    - target: {fileID: 3632467054639983009, guid: d2ce536a10361db4e8c74b0afade627c,
        type: 3}
      propertyPath: onOpen.m_PersistentCalls.m_Calls.Array.data[2].m_Target
      value: 
      objectReference: {fileID: 7394653081559144407}
    - target: {fileID: 3632467054639983009, guid: d2ce536a10361db4e8c74b0afade627c,
        type: 3}
      propertyPath: onOpen.m_PersistentCalls.m_Calls.Array.data[0].m_CallState
      value: 2
      objectReference: {fileID: 0}
    - target: {fileID: 3632467054639983009, guid: d2ce536a10361db4e8c74b0afade627c,
        type: 3}
      propertyPath: onOpen.m_PersistentCalls.m_Calls.Array.data[1].m_CallState
      value: 2
      objectReference: {fileID: 0}
    - target: {fileID: 3632467054639983009, guid: d2ce536a10361db4e8c74b0afade627c,
        type: 3}
      propertyPath: onOpen.m_PersistentCalls.m_Calls.Array.data[2].m_CallState
      value: 2
      objectReference: {fileID: 0}
    - target: {fileID: 3632467054639983009, guid: d2ce536a10361db4e8c74b0afade627c,
        type: 3}
      propertyPath: onOpen.m_PersistentCalls.m_Calls.Array.data[0].m_MethodName
      value: TriggerStep
      objectReference: {fileID: 0}
    - target: {fileID: 3632467054639983009, guid: d2ce536a10361db4e8c74b0afade627c,
        type: 3}
      propertyPath: onOpen.m_PersistentCalls.m_Calls.Array.data[1].m_MethodName
      value: TriggerStep
      objectReference: {fileID: 0}
    - target: {fileID: 3632467054639983009, guid: d2ce536a10361db4e8c74b0afade627c,
        type: 3}
      propertyPath: onOpen.m_PersistentCalls.m_Calls.Array.data[2].m_MethodName
      value: TriggerStep
      objectReference: {fileID: 0}
    - target: {fileID: 3632467054639983009, guid: d2ce536a10361db4e8c74b0afade627c,
        type: 3}
      propertyPath: onOpen.m_PersistentCalls.m_Calls.Array.data[0].m_TargetAssemblyTypeName
      value: Core.Gameplay.Tutorial.FTUEStepCompleteTrigger, Assembly-CSharp
      objectReference: {fileID: 0}
    - target: {fileID: 3632467054639983009, guid: d2ce536a10361db4e8c74b0afade627c,
        type: 3}
      propertyPath: onOpen.m_PersistentCalls.m_Calls.Array.data[1].m_TargetAssemblyTypeName
      value: Core.Gameplay.Tutorial.FTUEStepCompleteTrigger, Assembly-CSharp
      objectReference: {fileID: 0}
    - target: {fileID: 3632467054639983009, guid: d2ce536a10361db4e8c74b0afade627c,
        type: 3}
      propertyPath: onOpen.m_PersistentCalls.m_Calls.Array.data[2].m_TargetAssemblyTypeName
      value: Core.Gameplay.Tutorial.FTUEStepCompleteTrigger, Assembly-CSharp
      objectReference: {fileID: 0}
    - target: {fileID: 3632467054639983009, guid: d2ce536a10361db4e8c74b0afade627c,
        type: 3}
      propertyPath: onOpen.m_PersistentCalls.m_Calls.Array.data[0].m_Arguments.m_StringArgument
      value: core_tapSector
      objectReference: {fileID: 0}
    - target: {fileID: 3632467054639983009, guid: d2ce536a10361db4e8c74b0afade627c,
        type: 3}
      propertyPath: onOpen.m_PersistentCalls.m_Calls.Array.data[1].m_Arguments.m_StringArgument
      value: core_tapNextSector
      objectReference: {fileID: 0}
    - target: {fileID: 3632467054639983009, guid: d2ce536a10361db4e8c74b0afade627c,
        type: 3}
      propertyPath: onOpen.m_PersistentCalls.m_Calls.Array.data[2].m_Arguments.m_StringArgument
      value: core_tapAnomaly
      objectReference: {fileID: 0}
    - target: {fileID: 3632467054639983009, guid: d2ce536a10361db4e8c74b0afade627c,
        type: 3}
      propertyPath: onOpen.m_PersistentCalls.m_Calls.Array.data[0].m_Arguments.m_ObjectArgumentAssemblyTypeName
      value: UnityEngine.Object, UnityEngine
      objectReference: {fileID: 0}
    - target: {fileID: 3632467054639983009, guid: d2ce536a10361db4e8c74b0afade627c,
        type: 3}
      propertyPath: onOpen.m_PersistentCalls.m_Calls.Array.data[1].m_Arguments.m_ObjectArgumentAssemblyTypeName
      value: UnityEngine.Object, UnityEngine
      objectReference: {fileID: 0}
    - target: {fileID: 3632467054639983009, guid: d2ce536a10361db4e8c74b0afade627c,
        type: 3}
      propertyPath: onOpen.m_PersistentCalls.m_Calls.Array.data[2].m_Arguments.m_ObjectArgumentAssemblyTypeName
      value: UnityEngine.Object, UnityEngine
      objectReference: {fileID: 0}
    - target: {fileID: 4748707748819696610, guid: d2ce536a10361db4e8c74b0afade627c,
        type: 3}
      propertyPath: m_SizeDelta.y
      value: 0
      objectReference: {fileID: 0}
    - target: {fileID: 4748707749036151050, guid: d2ce536a10361db4e8c74b0afade627c,
        type: 3}
      propertyPath: target
      value: 
      objectReference: {fileID: 0}
    - target: {fileID: 4748707749036151050, guid: d2ce536a10361db4e8c74b0afade627c,
        type: 3}
      propertyPath: m_Enabled
      value: 0
      objectReference: {fileID: 0}
    - target: {fileID: 4748707749036151051, guid: d2ce536a10361db4e8c74b0afade627c,
        type: 3}
      propertyPath: m_LocalRotation.w
      value: 1
      objectReference: {fileID: 0}
    - target: {fileID: 4819907123086579367, guid: d2ce536a10361db4e8c74b0afade627c,
        type: 3}
      propertyPath: m_AnchorMax.x
      value: 0
      objectReference: {fileID: 0}
    - target: {fileID: 4819907123086579367, guid: d2ce536a10361db4e8c74b0afade627c,
        type: 3}
      propertyPath: m_AnchorMax.y
      value: 0
      objectReference: {fileID: 0}
    - target: {fileID: 4819907123086579367, guid: d2ce536a10361db4e8c74b0afade627c,
        type: 3}
      propertyPath: m_AnchorMin.y
      value: 0
      objectReference: {fileID: 0}
    - target: {fileID: 4819907123086579367, guid: d2ce536a10361db4e8c74b0afade627c,
        type: 3}
      propertyPath: m_SizeDelta.x
      value: 256
      objectReference: {fileID: 0}
    - target: {fileID: 4819907123086579367, guid: d2ce536a10361db4e8c74b0afade627c,
        type: 3}
      propertyPath: m_LocalScale.y
      value: -1
      objectReference: {fileID: 0}
    - target: {fileID: 4819907123086579367, guid: d2ce536a10361db4e8c74b0afade627c,
        type: 3}
      propertyPath: m_AnchoredPosition.x
      value: 0
      objectReference: {fileID: 0}
    - target: {fileID: 4819907123086579367, guid: d2ce536a10361db4e8c74b0afade627c,
        type: 3}
      propertyPath: m_AnchoredPosition.y
      value: 0
      objectReference: {fileID: 0}
    - target: {fileID: 5928808715116696910, guid: d2ce536a10361db4e8c74b0afade627c,
        type: 3}
      propertyPath: m_Name
      value: SectorInfoDisplay Variant
      objectReference: {fileID: 0}
    - target: {fileID: 5928808715116696910, guid: d2ce536a10361db4e8c74b0afade627c,
        type: 3}
      propertyPath: m_IsActive
      value: 1
      objectReference: {fileID: 0}
    - target: {fileID: 7343068546380877751, guid: d2ce536a10361db4e8c74b0afade627c,
        type: 3}
      propertyPath: m_Pivot.x
      value: 0.5
      objectReference: {fileID: 0}
    - target: {fileID: 7343068546380877751, guid: d2ce536a10361db4e8c74b0afade627c,
        type: 3}
      propertyPath: m_Pivot.y
      value: 0.5
      objectReference: {fileID: 0}
    - target: {fileID: 7343068546380877751, guid: d2ce536a10361db4e8c74b0afade627c,
        type: 3}
      propertyPath: m_RootOrder
      value: 0
      objectReference: {fileID: 0}
    - target: {fileID: 7343068546380877751, guid: d2ce536a10361db4e8c74b0afade627c,
        type: 3}
      propertyPath: m_AnchorMax.x
      value: 1
      objectReference: {fileID: 0}
    - target: {fileID: 7343068546380877751, guid: d2ce536a10361db4e8c74b0afade627c,
        type: 3}
      propertyPath: m_AnchorMax.y
      value: 1
      objectReference: {fileID: 0}
    - target: {fileID: 7343068546380877751, guid: d2ce536a10361db4e8c74b0afade627c,
        type: 3}
      propertyPath: m_AnchorMin.x
      value: 0
      objectReference: {fileID: 0}
    - target: {fileID: 7343068546380877751, guid: d2ce536a10361db4e8c74b0afade627c,
        type: 3}
      propertyPath: m_AnchorMin.y
      value: 0
      objectReference: {fileID: 0}
    - target: {fileID: 7343068546380877751, guid: d2ce536a10361db4e8c74b0afade627c,
        type: 3}
      propertyPath: m_SizeDelta.x
      value: 0
      objectReference: {fileID: 0}
    - target: {fileID: 7343068546380877751, guid: d2ce536a10361db4e8c74b0afade627c,
        type: 3}
      propertyPath: m_SizeDelta.y
      value: 0
      objectReference: {fileID: 0}
    - target: {fileID: 7343068546380877751, guid: d2ce536a10361db4e8c74b0afade627c,
        type: 3}
      propertyPath: m_LocalScale.y
      value: -1
      objectReference: {fileID: 0}
    - target: {fileID: 7343068546380877751, guid: d2ce536a10361db4e8c74b0afade627c,
        type: 3}
      propertyPath: m_LocalPosition.x
      value: 0
      objectReference: {fileID: 0}
    - target: {fileID: 7343068546380877751, guid: d2ce536a10361db4e8c74b0afade627c,
        type: 3}
      propertyPath: m_LocalPosition.y
      value: 0
      objectReference: {fileID: 0}
    - target: {fileID: 7343068546380877751, guid: d2ce536a10361db4e8c74b0afade627c,
        type: 3}
      propertyPath: m_LocalPosition.z
      value: 0
      objectReference: {fileID: 0}
    - target: {fileID: 7343068546380877751, guid: d2ce536a10361db4e8c74b0afade627c,
        type: 3}
      propertyPath: m_LocalRotation.w
      value: 1
      objectReference: {fileID: 0}
    - target: {fileID: 7343068546380877751, guid: d2ce536a10361db4e8c74b0afade627c,
        type: 3}
      propertyPath: m_LocalRotation.x
      value: -0
      objectReference: {fileID: 0}
    - target: {fileID: 7343068546380877751, guid: d2ce536a10361db4e8c74b0afade627c,
        type: 3}
      propertyPath: m_LocalRotation.y
      value: -0
      objectReference: {fileID: 0}
    - target: {fileID: 7343068546380877751, guid: d2ce536a10361db4e8c74b0afade627c,
        type: 3}
      propertyPath: m_LocalRotation.z
      value: -0
      objectReference: {fileID: 0}
    - target: {fileID: 7343068546380877751, guid: d2ce536a10361db4e8c74b0afade627c,
        type: 3}
      propertyPath: m_AnchoredPosition.x
      value: 0
      objectReference: {fileID: 0}
    - target: {fileID: 7343068546380877751, guid: d2ce536a10361db4e8c74b0afade627c,
        type: 3}
      propertyPath: m_AnchoredPosition.y
      value: 0
      objectReference: {fileID: 0}
    - target: {fileID: 7343068546380877751, guid: d2ce536a10361db4e8c74b0afade627c,
        type: 3}
      propertyPath: m_LocalEulerAnglesHint.x
      value: 0
      objectReference: {fileID: 0}
    - target: {fileID: 7343068546380877751, guid: d2ce536a10361db4e8c74b0afade627c,
        type: 3}
      propertyPath: m_LocalEulerAnglesHint.y
      value: 0
      objectReference: {fileID: 0}
    - target: {fileID: 7343068546380877751, guid: d2ce536a10361db4e8c74b0afade627c,
        type: 3}
      propertyPath: m_LocalEulerAnglesHint.z
      value: 0
      objectReference: {fileID: 0}
    m_RemovedComponents: []
  m_SourcePrefab: {fileID: 100100000, guid: d2ce536a10361db4e8c74b0afade627c, type: 3}
--- !u!224 &3898560385267583233 stripped
RectTransform:
  m_CorrespondingSourceObject: {fileID: 7343068546380877751, guid: d2ce536a10361db4e8c74b0afade627c,
    type: 3}
  m_PrefabInstance: {fileID: 6052180339141936822}
  m_PrefabAsset: {fileID: 0}
--- !u!1 &8447777671188846077 stripped
GameObject:
  m_CorrespondingSourceObject: {fileID: 2792549508496003915, guid: d2ce536a10361db4e8c74b0afade627c,
    type: 3}
  m_PrefabInstance: {fileID: 6052180339141936822}
  m_PrefabAsset: {fileID: 0}
--- !u!114 &428415037960570222 stripped
MonoBehaviour:
  m_CorrespondingSourceObject: {fileID: 6201351987753894872, guid: d2ce536a10361db4e8c74b0afade627c,
    type: 3}
  m_PrefabInstance: {fileID: 6052180339141936822}
  m_PrefabAsset: {fileID: 0}
  m_GameObject: {fileID: 0}
  m_Enabled: 1
  m_EditorHideFlags: 0
  m_Script: {fileID: 11500000, guid: 5f7201a12d95ffc409449d95f23cf332, type: 3}
  m_Name: 
  m_EditorClassIdentifier: 
--- !u!1 &7217549634685381378 stripped
GameObject:
  m_CorrespondingSourceObject: {fileID: 4022922645082516916, guid: d2ce536a10361db4e8c74b0afade627c,
    type: 3}
  m_PrefabInstance: {fileID: 6052180339141936822}
  m_PrefabAsset: {fileID: 0}
--- !u!224 &1304748093620780372 stripped
RectTransform:
  m_CorrespondingSourceObject: {fileID: 4748707748819696610, guid: d2ce536a10361db4e8c74b0afade627c,
    type: 3}
  m_PrefabInstance: {fileID: 6052180339141936822}
  m_PrefabAsset: {fileID: 0}
--- !u!1 &1304748093620780373 stripped
GameObject:
  m_CorrespondingSourceObject: {fileID: 4748707748819696611, guid: d2ce536a10361db4e8c74b0afade627c,
    type: 3}
  m_PrefabInstance: {fileID: 6052180339141936822}
  m_PrefabAsset: {fileID: 0}
--- !u!224 &1304748093397882813 stripped
RectTransform:
  m_CorrespondingSourceObject: {fileID: 4748707749036151051, guid: d2ce536a10361db4e8c74b0afade627c,
    type: 3}
  m_PrefabInstance: {fileID: 6052180339141936822}
  m_PrefabAsset: {fileID: 0}
--- !u!1 &124682346064368632 stripped
GameObject:
  m_CorrespondingSourceObject: {fileID: 5928808715116696910, guid: d2ce536a10361db4e8c74b0afade627c,
    type: 3}
  m_PrefabInstance: {fileID: 6052180339141936822}
  m_PrefabAsset: {fileID: 0}
--- !u!114 &7031443353187692311 stripped
MonoBehaviour:
  m_CorrespondingSourceObject: {fileID: 3632467054639983009, guid: d2ce536a10361db4e8c74b0afade627c,
    type: 3}
  m_PrefabInstance: {fileID: 6052180339141936822}
  m_PrefabAsset: {fileID: 0}
  m_GameObject: {fileID: 124682346064368632}
  m_Enabled: 1
  m_EditorHideFlags: 0
  m_Script: {fileID: 11500000, guid: 73d47a77f2f651a4f8b3a14a950f279d, type: 3}
  m_Name: 
  m_EditorClassIdentifier: 
--- !u!114 &3734965300643558561
MonoBehaviour:
  m_ObjectHideFlags: 0
  m_CorrespondingSourceObject: {fileID: 0}
  m_PrefabInstance: {fileID: 0}
  m_PrefabAsset: {fileID: 0}
  m_GameObject: {fileID: 124682346064368632}
  m_Enabled: 1
  m_EditorHideFlags: 0
  m_Script: {fileID: 11500000, guid: dc77beebffe18c14d9ab7ad34fe87e62, type: 3}
  m_Name: 
  m_EditorClassIdentifier: 
  uiScreen: {fileID: 7031443353187692311}
  sectorName: {fileID: 428415037960570222}
  sectorState: {fileID: 3246610804079953486}
  totalValue: {fileID: 6659301934048332712}
  asteroidCount: {fileID: 5575845942411391423}
  modifierInfoPanels:
  - {fileID: 1185738012684607382}
  - {fileID: 1768235982183311679}
  opportunityInfoPanels:
  - {fileID: 1727364683013494460}
  - {fileID: 8439071852384948124}
  travelButton: {fileID: 6433147189551840218}
  mainBubble: {fileID: 1304748093397882813}
  bubble: {fileID: 1304748093620780372}
  onNavigateEvent:
    m_PersistentCalls:
      m_Calls:
      - m_Target: {fileID: 7394653081559144407}
        m_TargetAssemblyTypeName: Core.Gameplay.Tutorial.FTUEStepCompleteTrigger,
          Assembly-CSharp
        m_MethodName: TriggerStep
        m_Mode: 5
        m_Arguments:
          m_ObjectArgument: {fileID: 0}
          m_ObjectArgumentAssemblyTypeName: UnityEngine.Object, UnityEngine
          m_IntArgument: 0
          m_FloatArgument: 0
          m_StringArgument: core_tapSectorJump
          m_BoolArgument: 0
        m_CallState: 2
      - m_Target: {fileID: 7394653081559144407}
        m_TargetAssemblyTypeName: Core.Gameplay.Tutorial.FTUEStepCompleteTrigger,
          Assembly-CSharp
        m_MethodName: TriggerStep
        m_Mode: 5
        m_Arguments:
          m_ObjectArgument: {fileID: 0}
          m_ObjectArgumentAssemblyTypeName: UnityEngine.Object, UnityEngine
          m_IntArgument: 0
          m_FloatArgument: 0
          m_StringArgument: core_tapNextSectorJump
          m_BoolArgument: 0
        m_CallState: 2
      - m_Target: {fileID: 7394653081559144407}
        m_TargetAssemblyTypeName: Core.Gameplay.Tutorial.FTUEStepCompleteTrigger,
          Assembly-CSharp
        m_MethodName: TriggerStep
        m_Mode: 5
        m_Arguments:
          m_ObjectArgument: {fileID: 0}
          m_ObjectArgumentAssemblyTypeName: UnityEngine.Object, UnityEngine
          m_IntArgument: 0
          m_FloatArgument: 0
          m_StringArgument: core_anomalyJump
          m_BoolArgument: 0
        m_CallState: 2
--- !u!114 &6511554007645192135
MonoBehaviour:
  m_ObjectHideFlags: 0
  m_CorrespondingSourceObject: {fileID: 0}
  m_PrefabInstance: {fileID: 0}
  m_PrefabAsset: {fileID: 0}
  m_GameObject: {fileID: 124682346064368632}
  m_Enabled: 1
  m_EditorHideFlags: 0
  m_Script: {fileID: 11500000, guid: 88151dbfb0d748ada979ee9cacf23093, type: 3}
  m_Name: 
  m_EditorClassIdentifier: 
  module: 0
  stepIds:
  - core_tapSectorJump
  - core_tapNextSectorJump
  handleStepBegin: 1
  onStepBegin:
    m_PersistentCalls:
      m_Calls:
      - m_Target: {fileID: 7031443353187692311}
        m_TargetAssemblyTypeName: UIScreen, Assembly-CSharp
        m_MethodName: SetForcedOpen
        m_Mode: 6
        m_Arguments:
          m_ObjectArgument: {fileID: 0}
          m_ObjectArgumentAssemblyTypeName: UnityEngine.Object, UnityEngine
          m_IntArgument: 0
          m_FloatArgument: 0
          m_StringArgument: 
          m_BoolArgument: 1
        m_CallState: 2
  handleStepComplete: 1
  onStepComplete:
    m_PersistentCalls:
      m_Calls:
      - m_Target: {fileID: 7031443353187692311}
        m_TargetAssemblyTypeName: UIScreen, Assembly-CSharp
        m_MethodName: SetForcedOpen
        m_Mode: 6
        m_Arguments:
          m_ObjectArgument: {fileID: 0}
          m_ObjectArgumentAssemblyTypeName: UnityEngine.Object, UnityEngine
          m_IntArgument: 0
          m_FloatArgument: 0
          m_StringArgument: 
          m_BoolArgument: 0
        m_CallState: 2
      - m_Target: {fileID: 7031443353187692311}
        m_TargetAssemblyTypeName: UIScreen, Assembly-CSharp
        m_MethodName: CloseInstant
        m_Mode: 1
        m_Arguments:
          m_ObjectArgument: {fileID: 0}
          m_ObjectArgumentAssemblyTypeName: UnityEngine.Object, UnityEngine
          m_IntArgument: 0
          m_FloatArgument: 0
          m_StringArgument: 
          m_BoolArgument: 0
        m_CallState: 2
--- !u!114 &7394653081559144407
MonoBehaviour:
  m_ObjectHideFlags: 0
  m_CorrespondingSourceObject: {fileID: 0}
  m_PrefabInstance: {fileID: 0}
  m_PrefabAsset: {fileID: 0}
  m_GameObject: {fileID: 124682346064368632}
  m_Enabled: 1
  m_EditorHideFlags: 0
  m_Script: {fileID: 11500000, guid: ecdb71d8c326444d983e46a32ad50aa5, type: 3}
  m_Name: 
  m_EditorClassIdentifier: 
  moduleId: 0
--- !u!114 &5904812559868724294
MonoBehaviour:
  m_ObjectHideFlags: 0
  m_CorrespondingSourceObject: {fileID: 0}
  m_PrefabInstance: {fileID: 0}
  m_PrefabAsset: {fileID: 0}
  m_GameObject: {fileID: 1304748093620780373}
  m_Enabled: 1
  m_EditorHideFlags: 0
  m_Script: {fileID: 11500000, guid: 59f8146938fff824cb5fd77236b75775, type: 3}
  m_Name: 
  m_EditorClassIdentifier: 
  m_Padding:
    m_Left: 0
    m_Right: 0
    m_Top: 24
    m_Bottom: 24
  m_ChildAlignment: 1
  m_Spacing: 8
  m_ChildForceExpandWidth: 0
  m_ChildForceExpandHeight: 1
  m_ChildControlWidth: 0
  m_ChildControlHeight: 0
  m_ChildScaleWidth: 0
  m_ChildScaleHeight: 0
  m_ReverseArrangement: 1
--- !u!114 &7018899690785027428
MonoBehaviour:
  m_ObjectHideFlags: 0
  m_CorrespondingSourceObject: {fileID: 0}
  m_PrefabInstance: {fileID: 0}
  m_PrefabAsset: {fileID: 0}
  m_GameObject: {fileID: 1304748093620780373}
  m_Enabled: 1
  m_EditorHideFlags: 0
  m_Script: {fileID: 11500000, guid: 3245ec927659c4140ac4f8d17403cc18, type: 3}
  m_Name: 
  m_EditorClassIdentifier: 
  m_HorizontalFit: 0
  m_VerticalFit: 2
--- !u!114 &9131601064409322220
MonoBehaviour:
  m_ObjectHideFlags: 0
  m_CorrespondingSourceObject: {fileID: 0}
  m_PrefabInstance: {fileID: 0}
  m_PrefabAsset: {fileID: 0}
  m_GameObject: {fileID: 8447777671188846077}
  m_Enabled: 1
  m_EditorHideFlags: 0
  m_Script: {fileID: 11500000, guid: 306cc8c2b49d7114eaa3623786fc2126, type: 3}
  m_Name: 
  m_EditorClassIdentifier: 
  m_IgnoreLayout: 1
  m_MinWidth: -1
  m_MinHeight: -1
  m_PreferredWidth: -1
  m_PreferredHeight: -1
  m_FlexibleWidth: -1
  m_FlexibleHeight: -1
  m_LayoutPriority: 1
--- !u!114 &5393785313604694784
MonoBehaviour:
  m_ObjectHideFlags: 0
  m_CorrespondingSourceObject: {fileID: 0}
  m_PrefabInstance: {fileID: 0}
  m_PrefabAsset: {fileID: 0}
  m_GameObject: {fileID: 7217549634685381378}
  m_Enabled: 1
  m_EditorHideFlags: 0
  m_Script: {fileID: 11500000, guid: 306cc8c2b49d7114eaa3623786fc2126, type: 3}
  m_Name: 
  m_EditorClassIdentifier: 
  m_IgnoreLayout: 1
  m_MinWidth: -1
  m_MinHeight: -1
  m_PreferredWidth: -1
  m_PreferredHeight: -1
  m_FlexibleWidth: -1
  m_FlexibleHeight: -1
  m_LayoutPriority: 1
--- !u!1001 &7613395485692218167
PrefabInstance:
  m_ObjectHideFlags: 0
  serializedVersion: 2
  m_Modification:
    m_TransformParent: {fileID: 1304748093620780372}
    m_Modifications:
    - target: {fileID: 2834430049648425028, guid: c4b6449434d5f1f48be5a0e87ed05b67,
        type: 3}
      propertyPath: m_Name
      value: OpportunityInfoPanel (3)
      objectReference: {fileID: 0}
    - target: {fileID: 4232964462095065853, guid: c4b6449434d5f1f48be5a0e87ed05b67,
        type: 3}
      propertyPath: m_Pivot.x
      value: 0.5
      objectReference: {fileID: 0}
    - target: {fileID: 4232964462095065853, guid: c4b6449434d5f1f48be5a0e87ed05b67,
        type: 3}
      propertyPath: m_Pivot.y
      value: 0.5
      objectReference: {fileID: 0}
    - target: {fileID: 4232964462095065853, guid: c4b6449434d5f1f48be5a0e87ed05b67,
        type: 3}
      propertyPath: m_RootOrder
      value: 10
      objectReference: {fileID: 0}
    - target: {fileID: 4232964462095065853, guid: c4b6449434d5f1f48be5a0e87ed05b67,
        type: 3}
      propertyPath: m_AnchorMax.x
      value: 0
      objectReference: {fileID: 0}
    - target: {fileID: 4232964462095065853, guid: c4b6449434d5f1f48be5a0e87ed05b67,
        type: 3}
      propertyPath: m_AnchorMax.y
      value: 0
      objectReference: {fileID: 0}
    - target: {fileID: 4232964462095065853, guid: c4b6449434d5f1f48be5a0e87ed05b67,
        type: 3}
      propertyPath: m_AnchorMin.x
      value: 0
      objectReference: {fileID: 0}
    - target: {fileID: 4232964462095065853, guid: c4b6449434d5f1f48be5a0e87ed05b67,
        type: 3}
      propertyPath: m_AnchorMin.y
      value: 0
      objectReference: {fileID: 0}
    - target: {fileID: 4232964462095065853, guid: c4b6449434d5f1f48be5a0e87ed05b67,
        type: 3}
      propertyPath: m_SizeDelta.x
      value: 420
      objectReference: {fileID: 0}
    - target: {fileID: 4232964462095065853, guid: c4b6449434d5f1f48be5a0e87ed05b67,
        type: 3}
      propertyPath: m_SizeDelta.y
      value: 96
      objectReference: {fileID: 0}
    - target: {fileID: 4232964462095065853, guid: c4b6449434d5f1f48be5a0e87ed05b67,
        type: 3}
      propertyPath: m_LocalPosition.x
      value: 0
      objectReference: {fileID: 0}
    - target: {fileID: 4232964462095065853, guid: c4b6449434d5f1f48be5a0e87ed05b67,
        type: 3}
      propertyPath: m_LocalPosition.y
      value: 0
      objectReference: {fileID: 0}
    - target: {fileID: 4232964462095065853, guid: c4b6449434d5f1f48be5a0e87ed05b67,
        type: 3}
      propertyPath: m_LocalPosition.z
      value: 0
      objectReference: {fileID: 0}
    - target: {fileID: 4232964462095065853, guid: c4b6449434d5f1f48be5a0e87ed05b67,
        type: 3}
      propertyPath: m_LocalRotation.w
      value: 1
      objectReference: {fileID: 0}
    - target: {fileID: 4232964462095065853, guid: c4b6449434d5f1f48be5a0e87ed05b67,
        type: 3}
      propertyPath: m_LocalRotation.x
      value: 0
      objectReference: {fileID: 0}
    - target: {fileID: 4232964462095065853, guid: c4b6449434d5f1f48be5a0e87ed05b67,
        type: 3}
      propertyPath: m_LocalRotation.y
      value: 0
      objectReference: {fileID: 0}
    - target: {fileID: 4232964462095065853, guid: c4b6449434d5f1f48be5a0e87ed05b67,
        type: 3}
      propertyPath: m_LocalRotation.z
      value: 0
      objectReference: {fileID: 0}
    - target: {fileID: 4232964462095065853, guid: c4b6449434d5f1f48be5a0e87ed05b67,
        type: 3}
      propertyPath: m_AnchoredPosition.x
      value: 0
      objectReference: {fileID: 0}
    - target: {fileID: 4232964462095065853, guid: c4b6449434d5f1f48be5a0e87ed05b67,
        type: 3}
      propertyPath: m_AnchoredPosition.y
      value: 0
      objectReference: {fileID: 0}
    - target: {fileID: 4232964462095065853, guid: c4b6449434d5f1f48be5a0e87ed05b67,
        type: 3}
      propertyPath: m_LocalEulerAnglesHint.x
      value: 0
      objectReference: {fileID: 0}
    - target: {fileID: 4232964462095065853, guid: c4b6449434d5f1f48be5a0e87ed05b67,
        type: 3}
      propertyPath: m_LocalEulerAnglesHint.y
      value: 0
      objectReference: {fileID: 0}
    - target: {fileID: 4232964462095065853, guid: c4b6449434d5f1f48be5a0e87ed05b67,
        type: 3}
      propertyPath: m_LocalEulerAnglesHint.z
      value: 0
      objectReference: {fileID: 0}
    - target: {fileID: 8426635877103867832, guid: c4b6449434d5f1f48be5a0e87ed05b67,
        type: 3}
      propertyPath: stepIds.Array.size
      value: 4
      objectReference: {fileID: 0}
    - target: {fileID: 8426635877103867832, guid: c4b6449434d5f1f48be5a0e87ed05b67,
        type: 3}
      propertyPath: stepIds.Array.data[2]
      value: core_clearJumpInfo
      objectReference: {fileID: 0}
    - target: {fileID: 8426635877103867832, guid: c4b6449434d5f1f48be5a0e87ed05b67,
        type: 3}
      propertyPath: stepIds.Array.data[3]
      value: core_tapNextSectorJump
      objectReference: {fileID: 0}
    m_RemovedComponents: []
  m_SourcePrefab: {fileID: 100100000, guid: c4b6449434d5f1f48be5a0e87ed05b67, type: 3}
--- !u!114 &8439071852384948124 stripped
MonoBehaviour:
  m_CorrespondingSourceObject: {fileID: 2068750886260720811, guid: c4b6449434d5f1f48be5a0e87ed05b67,
    type: 3}
  m_PrefabInstance: {fileID: 7613395485692218167}
  m_PrefabAsset: {fileID: 0}
  m_GameObject: {fileID: 0}
  m_Enabled: 1
  m_EditorHideFlags: 0
  m_Script: {fileID: 11500000, guid: 01bcef31200f43969dda47c25255cc5f, type: 3}
  m_Name: 
  m_EditorClassIdentifier: 
