%YAML 1.1
%TAG !u! tag:unity3d.com,2011:
--- !u!1 &100537616424124276
GameObject:
  m_ObjectHideFlags: 0
  m_CorrespondingSourceObject: {fileID: 0}
  m_PrefabInstance: {fileID: 0}
  m_PrefabAsset: {fileID: 0}
  serializedVersion: 6
  m_Component:
  - component: {fileID: 3138552859714753417}
  - component: {fileID: 5812964731888481374}
  - component: {fileID: 5244794295320583124}
  m_Layer: 5
  m_Name: WarpGate
  m_TagString: Untagged
  m_Icon: {fileID: 0}
  m_NavMeshLayer: 0
  m_StaticEditorFlags: 0
  m_IsActive: 1
--- !u!224 &3138552859714753417
RectTransform:
  m_ObjectHideFlags: 0
  m_CorrespondingSourceObject: {fileID: 0}
  m_PrefabInstance: {fileID: 0}
  m_PrefabAsset: {fileID: 0}
  m_GameObject: {fileID: 100537616424124276}
  m_LocalRotation: {x: 0, y: 0, z: 0, w: 1}
  m_LocalPosition: {x: 0, y: 0, z: 0}
  m_LocalScale: {x: 1, y: 1, z: 1}
  m_Children:
  - {fileID: 1668274157354308052}
  m_Father: {fileID: 3521068785751712718}
  m_RootOrder: 5
  m_LocalEulerAnglesHint: {x: 0, y: 0, z: 0}
  m_AnchorMin: {x: 0.5, y: 0.5}
  m_AnchorMax: {x: 0.5, y: 0.5}
  m_AnchoredPosition: {x: 0, y: 0}
  m_SizeDelta: {x: 100, y: 100}
  m_Pivot: {x: 0.5, y: 0.5}
--- !u!222 &5812964731888481374
CanvasRenderer:
  m_ObjectHideFlags: 0
  m_CorrespondingSourceObject: {fileID: 0}
  m_PrefabInstance: {fileID: 0}
  m_PrefabAsset: {fileID: 0}
  m_GameObject: {fileID: 100537616424124276}
  m_CullTransparentMesh: 1
--- !u!114 &5244794295320583124
MonoBehaviour:
  m_ObjectHideFlags: 0
  m_CorrespondingSourceObject: {fileID: 0}
  m_PrefabInstance: {fileID: 0}
  m_PrefabAsset: {fileID: 0}
  m_GameObject: {fileID: 100537616424124276}
  m_Enabled: 1
  m_EditorHideFlags: 0
  m_Script: {fileID: 11500000, guid: fe87c0e1cc204ed48ad3b37840f39efc, type: 3}
  m_Name: 
  m_EditorClassIdentifier: 
  m_Material: {fileID: 0}
  m_Color: {r: 1, g: 1, b: 1, a: 1}
  m_RaycastTarget: 1
  m_RaycastPadding: {x: 0, y: 0, z: 0, w: 0}
  m_Maskable: 1
  m_OnCullStateChanged:
    m_PersistentCalls:
      m_Calls: []
  m_Sprite: {fileID: 21300000, guid: b07d3c6a833fbfe409936181f4a1af1b, type: 3}
  m_Type: 0
  m_PreserveAspect: 0
  m_FillCenter: 1
  m_FillMethod: 4
  m_FillAmount: 1
  m_FillClockwise: 1
  m_FillOrigin: 0
  m_UseSpriteMesh: 0
  m_PixelsPerUnitMultiplier: 1
--- !u!1 &519761763258490290
GameObject:
  m_ObjectHideFlags: 0
  m_CorrespondingSourceObject: {fileID: 0}
  m_PrefabInstance: {fileID: 0}
  m_PrefabAsset: {fileID: 0}
  serializedVersion: 6
  m_Component:
  - component: {fileID: 7684648818297065356}
  - component: {fileID: 3294795180640475402}
  - component: {fileID: 6701566887989108503}
  m_Layer: 5
  m_Name: Ring
  m_TagString: Untagged
  m_Icon: {fileID: 0}
  m_NavMeshLayer: 0
  m_StaticEditorFlags: 0
  m_IsActive: 1
--- !u!224 &7684648818297065356
RectTransform:
  m_ObjectHideFlags: 0
  m_CorrespondingSourceObject: {fileID: 0}
  m_PrefabInstance: {fileID: 0}
  m_PrefabAsset: {fileID: 0}
  m_GameObject: {fileID: 519761763258490290}
  m_LocalRotation: {x: -0, y: -0, z: -0, w: 1}
  m_LocalPosition: {x: 0, y: 0, z: 0}
  m_LocalScale: {x: 1, y: 1, z: 1}
  m_Children: []
  m_Father: {fileID: 941757358178940116}
  m_RootOrder: 1
  m_LocalEulerAnglesHint: {x: 0, y: 0, z: 0}
  m_AnchorMin: {x: 0, y: 0}
  m_AnchorMax: {x: 1, y: 1}
  m_AnchoredPosition: {x: 0, y: 0}
  m_SizeDelta: {x: 0, y: 0}
  m_Pivot: {x: 0.5, y: 0.5}
--- !u!222 &3294795180640475402
CanvasRenderer:
  m_ObjectHideFlags: 0
  m_CorrespondingSourceObject: {fileID: 0}
  m_PrefabInstance: {fileID: 0}
  m_PrefabAsset: {fileID: 0}
  m_GameObject: {fileID: 519761763258490290}
  m_CullTransparentMesh: 1
--- !u!114 &6701566887989108503
MonoBehaviour:
  m_ObjectHideFlags: 0
  m_CorrespondingSourceObject: {fileID: 0}
  m_PrefabInstance: {fileID: 0}
  m_PrefabAsset: {fileID: 0}
  m_GameObject: {fileID: 519761763258490290}
  m_Enabled: 1
  m_EditorHideFlags: 0
  m_Script: {fileID: 11500000, guid: fe87c0e1cc204ed48ad3b37840f39efc, type: 3}
  m_Name: 
  m_EditorClassIdentifier: 
  m_Material: {fileID: 0}
  m_Color: {r: 1, g: 1, b: 1, a: 1}
  m_RaycastTarget: 1
  m_RaycastPadding: {x: 0, y: 0, z: 0, w: 0}
  m_Maskable: 1
  m_OnCullStateChanged:
    m_PersistentCalls:
      m_Calls: []
  m_Sprite: {fileID: 21300000, guid: 2d9190e481d67f3458d885e29b820d05, type: 3}
  m_Type: 0
  m_PreserveAspect: 0
  m_FillCenter: 1
  m_FillMethod: 4
  m_FillAmount: 1
  m_FillClockwise: 1
  m_FillOrigin: 0
  m_UseSpriteMesh: 0
  m_PixelsPerUnitMultiplier: 1
--- !u!1 &561769424060055165
GameObject:
  m_ObjectHideFlags: 0
  m_CorrespondingSourceObject: {fileID: 0}
  m_PrefabInstance: {fileID: 0}
  m_PrefabAsset: {fileID: 0}
  serializedVersion: 6
  m_Component:
  - component: {fileID: 5231524537147517393}
  - component: {fileID: 2236624363771831816}
  - component: {fileID: 2505749965070104505}
  m_Layer: 5
  m_Name: Check
  m_TagString: Untagged
  m_Icon: {fileID: 0}
  m_NavMeshLayer: 0
  m_StaticEditorFlags: 0
  m_IsActive: 1
--- !u!224 &5231524537147517393
RectTransform:
  m_ObjectHideFlags: 0
  m_CorrespondingSourceObject: {fileID: 0}
  m_PrefabInstance: {fileID: 0}
  m_PrefabAsset: {fileID: 0}
  m_GameObject: {fileID: 561769424060055165}
  m_LocalRotation: {x: 0, y: 0, z: 0, w: 1}
  m_LocalPosition: {x: 0, y: 0, z: 0}
  m_LocalScale: {x: 1, y: 1, z: 1}
  m_Children: []
  m_Father: {fileID: 3503744841500680536}
  m_RootOrder: 1
  m_LocalEulerAnglesHint: {x: 0, y: 0, z: 0}
  m_AnchorMin: {x: 0.5, y: 0.5}
  m_AnchorMax: {x: 0.5, y: 0.5}
  m_AnchoredPosition: {x: 0, y: 0}
  m_SizeDelta: {x: 32.0543, y: 32.0543}
  m_Pivot: {x: 0.5, y: 0.5}
--- !u!222 &2236624363771831816
CanvasRenderer:
  m_ObjectHideFlags: 0
  m_CorrespondingSourceObject: {fileID: 0}
  m_PrefabInstance: {fileID: 0}
  m_PrefabAsset: {fileID: 0}
  m_GameObject: {fileID: 561769424060055165}
  m_CullTransparentMesh: 1
--- !u!114 &2505749965070104505
MonoBehaviour:
  m_ObjectHideFlags: 0
  m_CorrespondingSourceObject: {fileID: 0}
  m_PrefabInstance: {fileID: 0}
  m_PrefabAsset: {fileID: 0}
  m_GameObject: {fileID: 561769424060055165}
  m_Enabled: 1
  m_EditorHideFlags: 0
  m_Script: {fileID: 11500000, guid: fe87c0e1cc204ed48ad3b37840f39efc, type: 3}
  m_Name: 
  m_EditorClassIdentifier: 
  m_Material: {fileID: 0}
  m_Color: {r: 1, g: 1, b: 1, a: 1}
  m_RaycastTarget: 1
  m_RaycastPadding: {x: 0, y: 0, z: 0, w: 0}
  m_Maskable: 1
  m_OnCullStateChanged:
    m_PersistentCalls:
      m_Calls: []
  m_Sprite: {fileID: 21300000, guid: e93afeaa2e6df4495a7051ef3da518bb, type: 3}
  m_Type: 0
  m_PreserveAspect: 0
  m_FillCenter: 1
  m_FillMethod: 4
  m_FillAmount: 1
  m_FillClockwise: 1
  m_FillOrigin: 0
  m_UseSpriteMesh: 0
  m_PixelsPerUnitMultiplier: 1
--- !u!1 &935330830284488837
GameObject:
  m_ObjectHideFlags: 0
  m_CorrespondingSourceObject: {fileID: 0}
  m_PrefabInstance: {fileID: 0}
  m_PrefabAsset: {fileID: 0}
  serializedVersion: 6
  m_Component:
  - component: {fileID: 5697551256528205999}
  - component: {fileID: 1541205858529959057}
  - component: {fileID: 5375149397848862938}
  - component: {fileID: 5981607900753114902}
  m_Layer: 5
  m_Name: Ring Fill
  m_TagString: Untagged
  m_Icon: {fileID: 0}
  m_NavMeshLayer: 0
  m_StaticEditorFlags: 0
  m_IsActive: 1
--- !u!224 &5697551256528205999
RectTransform:
  m_ObjectHideFlags: 0
  m_CorrespondingSourceObject: {fileID: 0}
  m_PrefabInstance: {fileID: 0}
  m_PrefabAsset: {fileID: 0}
  m_GameObject: {fileID: 935330830284488837}
  m_LocalRotation: {x: -0, y: -0, z: -0, w: 1}
  m_LocalPosition: {x: 0, y: 0, z: 0}
  m_LocalScale: {x: 1, y: 1, z: 1}
  m_Children: []
  m_Father: {fileID: 941757358178940116}
  m_RootOrder: 0
  m_LocalEulerAnglesHint: {x: 0, y: 0, z: 0}
  m_AnchorMin: {x: 0, y: 0}
  m_AnchorMax: {x: 1, y: 1}
  m_AnchoredPosition: {x: 0, y: 0}
  m_SizeDelta: {x: 0, y: 0}
  m_Pivot: {x: 0.5, y: 0.5}
--- !u!222 &1541205858529959057
CanvasRenderer:
  m_ObjectHideFlags: 0
  m_CorrespondingSourceObject: {fileID: 0}
  m_PrefabInstance: {fileID: 0}
  m_PrefabAsset: {fileID: 0}
  m_GameObject: {fileID: 935330830284488837}
  m_CullTransparentMesh: 1
--- !u!114 &5375149397848862938
MonoBehaviour:
  m_ObjectHideFlags: 0
  m_CorrespondingSourceObject: {fileID: 0}
  m_PrefabInstance: {fileID: 0}
  m_PrefabAsset: {fileID: 0}
  m_GameObject: {fileID: 935330830284488837}
  m_Enabled: 1
  m_EditorHideFlags: 0
  m_Script: {fileID: 11500000, guid: fe87c0e1cc204ed48ad3b37840f39efc, type: 3}
  m_Name: 
  m_EditorClassIdentifier: 
  m_Material: {fileID: 0}
  m_Color: {r: 1, g: 1, b: 1, a: 1}
  m_RaycastTarget: 1
  m_RaycastPadding: {x: 0, y: 0, z: 0, w: 0}
  m_Maskable: 1
  m_OnCullStateChanged:
    m_PersistentCalls:
      m_Calls: []
  m_Sprite: {fileID: 21300000, guid: 8999574f874909d498abbf662a078d18, type: 3}
  m_Type: 0
  m_PreserveAspect: 0
  m_FillCenter: 1
  m_FillMethod: 4
  m_FillAmount: 1
  m_FillClockwise: 1
  m_FillOrigin: 0
  m_UseSpriteMesh: 0
  m_PixelsPerUnitMultiplier: 1
--- !u!114 &5981607900753114902
MonoBehaviour:
  m_ObjectHideFlags: 0
  m_CorrespondingSourceObject: {fileID: 0}
  m_PrefabInstance: {fileID: 0}
  m_PrefabAsset: {fileID: 0}
  m_GameObject: {fileID: 935330830284488837}
  m_Enabled: 1
  m_EditorHideFlags: 0
  m_Script: {fileID: 11500000, guid: cbe4ea19d4f6836458a49892737ce28e, type: 3}
  m_Name: 
  m_EditorClassIdentifier: 
  rotateRate: {x: 0, y: 0, z: 5}
--- !u!1 &1022721934518393632
GameObject:
  m_ObjectHideFlags: 0
  m_CorrespondingSourceObject: {fileID: 0}
  m_PrefabInstance: {fileID: 0}
  m_PrefabAsset: {fileID: 0}
  serializedVersion: 6
  m_Component:
  - component: {fileID: 3521068785751712718}
  - component: {fileID: 4127483563252447613}
  - component: {fileID: 7611250525130193647}
  - component: {fileID: 4719828386152914101}
  m_Layer: 5
  m_Name: SectorMarker
  m_TagString: Untagged
  m_Icon: {fileID: 0}
  m_NavMeshLayer: 0
  m_StaticEditorFlags: 0
  m_IsActive: 1
--- !u!224 &3521068785751712718
RectTransform:
  m_ObjectHideFlags: 0
  m_CorrespondingSourceObject: {fileID: 0}
  m_PrefabInstance: {fileID: 0}
  m_PrefabAsset: {fileID: 0}
  m_GameObject: {fileID: 1022721934518393632}
  m_LocalRotation: {x: 0, y: 0, z: 0, w: 1}
  m_LocalPosition: {x: 0, y: 0, z: 0}
  m_LocalScale: {x: 1, y: 1, z: 1}
  m_Children:
  - {fileID: 5684171573735051786}
  - {fileID: 7044780415002814543}
  - {fileID: 7592027519113070595}
  - {fileID: 7054146644901824515}
  - {fileID: 3503744841500680536}
  - {fileID: 3138552859714753417}
  - {fileID: 1963243050417893734}
  - {fileID: 8659912661241494746}
  - {fileID: 194304204143071663}
  m_Father: {fileID: 0}
  m_RootOrder: 0
  m_LocalEulerAnglesHint: {x: 0, y: 0, z: 0}
  m_AnchorMin: {x: 0, y: 0}
  m_AnchorMax: {x: 0, y: 0}
  m_AnchoredPosition: {x: 0, y: 0}
  m_SizeDelta: {x: 64, y: 64}
  m_Pivot: {x: 0.5, y: 0.5}
--- !u!222 &4127483563252447613
CanvasRenderer:
  m_ObjectHideFlags: 0
  m_CorrespondingSourceObject: {fileID: 0}
  m_PrefabInstance: {fileID: 0}
  m_PrefabAsset: {fileID: 0}
  m_GameObject: {fileID: 1022721934518393632}
  m_CullTransparentMesh: 1
--- !u!114 &7611250525130193647
MonoBehaviour:
  m_ObjectHideFlags: 0
  m_CorrespondingSourceObject: {fileID: 0}
  m_PrefabInstance: {fileID: 0}
  m_PrefabAsset: {fileID: 0}
  m_GameObject: {fileID: 1022721934518393632}
  m_Enabled: 0
  m_EditorHideFlags: 0
  m_Script: {fileID: 11500000, guid: fe87c0e1cc204ed48ad3b37840f39efc, type: 3}
  m_Name: 
  m_EditorClassIdentifier: 
  m_Material: {fileID: 0}
  m_Color: {r: 1, g: 1, b: 1, a: 1}
  m_RaycastTarget: 1
  m_RaycastPadding: {x: 0, y: 0, z: 0, w: 0}
  m_Maskable: 1
  m_OnCullStateChanged:
    m_PersistentCalls:
      m_Calls: []
  m_Sprite: {fileID: 21300000, guid: 0c988976688072f4482516afd3bea780, type: 3}
  m_Type: 0
  m_PreserveAspect: 0
  m_FillCenter: 1
  m_FillMethod: 4
  m_FillAmount: 1
  m_FillClockwise: 1
  m_FillOrigin: 0
  m_UseSpriteMesh: 0
  m_PixelsPerUnitMultiplier: 1
--- !u!114 &4719828386152914101
MonoBehaviour:
  m_ObjectHideFlags: 0
  m_CorrespondingSourceObject: {fileID: 0}
  m_PrefabInstance: {fileID: 0}
  m_PrefabAsset: {fileID: 0}
  m_GameObject: {fileID: 1022721934518393632}
  m_Enabled: 1
  m_EditorHideFlags: 0
  m_Script: {fileID: 11500000, guid: db73c029d275f2a4c9c7a2f7ee53c62c, type: 3}
  m_Name: 
  m_EditorClassIdentifier: 
  marker: {fileID: 4950863147059981523}
  ring: {fileID: 9003850863669220276}
  currentLocationMarker: {fileID: 8718642002068209607}
  endPointMarker: {fileID: 100537616424124276}
  modifierDisplays:
  - {fileID: 4805320447940081202}
  - {fileID: 8468667872271518688}
  opportunityDisplays:
  - {fileID: 3670747294503541120}
  - {fileID: 8801864193743240481}
  sectorConfigs:
  - targetState: 0
    markerColour: {r: 1, g: 1, b: 1, a: 1}
    markerSprite: {fileID: 21300000, guid: 86f6b5327637e7a4980460a790379178, type: 3}
    ringSprite: {fileID: 21300000, guid: 618d3dc3f6b043449bcbbe1bed6363f0, type: 3}
  - targetState: 1
    markerColour: {r: 1, g: 1, b: 1, a: 1}
    markerSprite: {fileID: 21300000, guid: 285b8d2702a9b974899b13c0fe32871a, type: 3}
    ringSprite: {fileID: 21300000, guid: d3b4210f488e3a7418f0df53f56184a2, type: 3}
  - targetState: 2
    markerColour: {r: 1, g: 1, b: 1, a: 1}
    markerSprite: {fileID: 21300000, guid: 86f6b5327637e7a4980460a790379178, type: 3}
    ringSprite: {fileID: 21300000, guid: 618d3dc3f6b043449bcbbe1bed6363f0, type: 3}
  - targetState: 3
    markerColour: {r: 1, g: 1, b: 1, a: 1}
    markerSprite: {fileID: 21300000, guid: d6740013fffbd234fa173ac209e13002, type: 3}
    ringSprite: {fileID: 21300000, guid: 98f5ca0bfdc5bf442b4a56004353a48a, type: 3}
  - targetState: 4
    markerColour: {r: 1, g: 1, b: 1, a: 1}
    markerSprite: {fileID: 21300000, guid: 0c988976688072f4482516afd3bea780, type: 3}
    ringSprite: {fileID: 21300000, guid: f319120bcb60945479199028ec3ec2e7, type: 3}
  conditionalObjects:
  - validStates: 0000000002000000
    objects:
    - {fileID: 8064924775703638436}
  - validStates: 04000000
    objects:
    - {fileID: 561769424060055165}
  mothershipIcon: {fileID: 1204576434095329317}
  onSetJumpAvailable:
    m_PersistentCalls:
      m_Calls:
      - m_Target: {fileID: 5337737149126566843}
        m_TargetAssemblyTypeName: UnityEngine.Behaviour, UnityEngine
        m_MethodName: set_enabled
        m_Mode: 0
        m_Arguments:
          m_ObjectArgument: {fileID: 0}
          m_ObjectArgumentAssemblyTypeName: UnityEngine.Object, UnityEngine
          m_IntArgument: 0
          m_FloatArgument: 0
          m_StringArgument: 
          m_BoolArgument: 0
        m_CallState: 2
      - m_Target: {fileID: 7662808613660188818}
        m_TargetAssemblyTypeName: UnityEngine.Behaviour, UnityEngine
        m_MethodName: set_enabled
        m_Mode: 0
        m_Arguments:
          m_ObjectArgument: {fileID: 0}
          m_ObjectArgumentAssemblyTypeName: UnityEngine.Object, UnityEngine
          m_IntArgument: 0
          m_FloatArgument: 0
          m_StringArgument: 
          m_BoolArgument: 0
        m_CallState: 2
--- !u!1 &2034173057058419336
GameObject:
  m_ObjectHideFlags: 0
  m_CorrespondingSourceObject: {fileID: 0}
  m_PrefabInstance: {fileID: 0}
  m_PrefabAsset: {fileID: 0}
  serializedVersion: 6
  m_Component:
  - component: {fileID: 941757358178940116}
  - component: {fileID: 1477493712719338462}
  - component: {fileID: 2578952686988831863}
  m_Layer: 5
  m_Name: Ring Glow
  m_TagString: Untagged
  m_Icon: {fileID: 0}
  m_NavMeshLayer: 0
  m_StaticEditorFlags: 0
  m_IsActive: 1
--- !u!224 &941757358178940116
RectTransform:
  m_ObjectHideFlags: 0
  m_CorrespondingSourceObject: {fileID: 0}
  m_PrefabInstance: {fileID: 0}
  m_PrefabAsset: {fileID: 0}
  m_GameObject: {fileID: 2034173057058419336}
  m_LocalRotation: {x: -0, y: -0, z: -0, w: 1}
  m_LocalPosition: {x: 0, y: 0, z: 0}
  m_LocalScale: {x: 1, y: 1, z: 1}
  m_Children:
  - {fileID: 5697551256528205999}
  - {fileID: 7684648818297065356}
  m_Father: {fileID: 1668274157354308052}
  m_RootOrder: 0
  m_LocalEulerAnglesHint: {x: 0, y: 0, z: 0}
  m_AnchorMin: {x: 0, y: 0}
  m_AnchorMax: {x: 1, y: 1}
  m_AnchoredPosition: {x: 0, y: 0}
  m_SizeDelta: {x: 0, y: 0}
  m_Pivot: {x: 0.5, y: 0.5}
--- !u!222 &1477493712719338462
CanvasRenderer:
  m_ObjectHideFlags: 0
  m_CorrespondingSourceObject: {fileID: 0}
  m_PrefabInstance: {fileID: 0}
  m_PrefabAsset: {fileID: 0}
  m_GameObject: {fileID: 2034173057058419336}
  m_CullTransparentMesh: 1
--- !u!114 &2578952686988831863
MonoBehaviour:
  m_ObjectHideFlags: 0
  m_CorrespondingSourceObject: {fileID: 0}
  m_PrefabInstance: {fileID: 0}
  m_PrefabAsset: {fileID: 0}
  m_GameObject: {fileID: 2034173057058419336}
  m_Enabled: 1
  m_EditorHideFlags: 0
  m_Script: {fileID: 11500000, guid: fe87c0e1cc204ed48ad3b37840f39efc, type: 3}
  m_Name: 
  m_EditorClassIdentifier: 
  m_Material: {fileID: 0}
  m_Color: {r: 1, g: 1, b: 1, a: 1}
  m_RaycastTarget: 1
  m_RaycastPadding: {x: 0, y: 0, z: 0, w: 0}
  m_Maskable: 1
  m_OnCullStateChanged:
    m_PersistentCalls:
      m_Calls: []
  m_Sprite: {fileID: 21300000, guid: 76cf1c4a05cf84c4c887705748fc10a8, type: 3}
  m_Type: 0
  m_PreserveAspect: 0
  m_FillCenter: 1
  m_FillMethod: 4
  m_FillAmount: 1
  m_FillClockwise: 1
  m_FillOrigin: 0
  m_UseSpriteMesh: 0
  m_PixelsPerUnitMultiplier: 1
--- !u!1 &2634435387117459560
GameObject:
  m_ObjectHideFlags: 0
  m_CorrespondingSourceObject: {fileID: 0}
  m_PrefabInstance: {fileID: 0}
  m_PrefabAsset: {fileID: 0}
  serializedVersion: 6
  m_Component:
  - component: {fileID: 7054146644901824515}
  - component: {fileID: 2232512802284069249}
  m_Layer: 5
  m_Name: ModifierHolder
  m_TagString: Untagged
  m_Icon: {fileID: 0}
  m_NavMeshLayer: 0
  m_StaticEditorFlags: 0
  m_IsActive: 1
--- !u!224 &7054146644901824515
RectTransform:
  m_ObjectHideFlags: 0
  m_CorrespondingSourceObject: {fileID: 0}
  m_PrefabInstance: {fileID: 0}
  m_PrefabAsset: {fileID: 0}
  m_GameObject: {fileID: 2634435387117459560}
  m_LocalRotation: {x: 0, y: 0, z: 0, w: 1}
  m_LocalPosition: {x: 0, y: 0, z: 0}
  m_LocalScale: {x: 1, y: 1, z: 1}
  m_Children:
  - {fileID: 986116140776452773}
  - {fileID: 4217144500966920055}
  m_Father: {fileID: 3521068785751712718}
  m_RootOrder: 3
  m_LocalEulerAnglesHint: {x: 0, y: 0, z: 0}
  m_AnchorMin: {x: 0, y: 0.5}
  m_AnchorMax: {x: 0, y: 0.5}
  m_AnchoredPosition: {x: -40, y: 0}
  m_SizeDelta: {x: 64, y: 64}
  m_Pivot: {x: 0.5, y: 0.5}
--- !u!114 &2232512802284069249
MonoBehaviour:
  m_ObjectHideFlags: 0
  m_CorrespondingSourceObject: {fileID: 0}
  m_PrefabInstance: {fileID: 0}
  m_PrefabAsset: {fileID: 0}
  m_GameObject: {fileID: 2634435387117459560}
  m_Enabled: 1
  m_EditorHideFlags: 0
  m_Script: {fileID: 11500000, guid: 59f8146938fff824cb5fd77236b75775, type: 3}
  m_Name: 
  m_EditorClassIdentifier: 
  m_Padding:
    m_Left: 0
    m_Right: 0
    m_Top: 0
    m_Bottom: 0
  m_ChildAlignment: 5
  m_Spacing: 0
  m_ChildForceExpandWidth: 0
  m_ChildForceExpandHeight: 0
  m_ChildControlWidth: 0
  m_ChildControlHeight: 0
  m_ChildScaleWidth: 0
  m_ChildScaleHeight: 0
  m_ReverseArrangement: 0
--- !u!1 &5459020568523022433
GameObject:
  m_ObjectHideFlags: 0
  m_CorrespondingSourceObject: {fileID: 0}
  m_PrefabInstance: {fileID: 0}
  m_PrefabAsset: {fileID: 0}
  serializedVersion: 6
  m_Component:
  - component: {fileID: 5270648926184393219}
  - component: {fileID: 3218581685313028513}
  - component: {fileID: 1204576434095329317}
  m_Layer: 5
  m_Name: MothershipIcon
  m_TagString: Untagged
  m_Icon: {fileID: 0}
  m_NavMeshLayer: 0
  m_StaticEditorFlags: 0
  m_IsActive: 1
--- !u!224 &5270648926184393219
RectTransform:
  m_ObjectHideFlags: 0
  m_CorrespondingSourceObject: {fileID: 0}
  m_PrefabInstance: {fileID: 0}
  m_PrefabAsset: {fileID: 0}
  m_GameObject: {fileID: 5459020568523022433}
  m_LocalRotation: {x: 0, y: 0, z: 0, w: 1}
  m_LocalPosition: {x: 0, y: 0, z: 0}
  m_LocalScale: {x: 1, y: 1, z: 1}
  m_Children: []
  m_Father: {fileID: 5828008217326104553}
  m_RootOrder: 0
  m_LocalEulerAnglesHint: {x: 0, y: 0, z: 0}
  m_AnchorMin: {x: 0.5, y: 0.5}
  m_AnchorMax: {x: 0.5, y: 0.5}
  m_AnchoredPosition: {x: 48, y: 0}
  m_SizeDelta: {x: 31.4717, y: 31.4717}
  m_Pivot: {x: 0.5, y: 0.5}
--- !u!222 &3218581685313028513
CanvasRenderer:
  m_ObjectHideFlags: 0
  m_CorrespondingSourceObject: {fileID: 0}
  m_PrefabInstance: {fileID: 0}
  m_PrefabAsset: {fileID: 0}
  m_GameObject: {fileID: 5459020568523022433}
  m_CullTransparentMesh: 1
--- !u!114 &1204576434095329317
MonoBehaviour:
  m_ObjectHideFlags: 0
  m_CorrespondingSourceObject: {fileID: 0}
  m_PrefabInstance: {fileID: 0}
  m_PrefabAsset: {fileID: 0}
  m_GameObject: {fileID: 5459020568523022433}
  m_Enabled: 1
  m_EditorHideFlags: 0
  m_Script: {fileID: 11500000, guid: fe87c0e1cc204ed48ad3b37840f39efc, type: 3}
  m_Name: 
  m_EditorClassIdentifier: 
  m_Material: {fileID: 0}
  m_Color: {r: 1, g: 1, b: 1, a: 1}
  m_RaycastTarget: 0
  m_RaycastPadding: {x: 0, y: 0, z: 0, w: 0}
  m_Maskable: 1
  m_OnCullStateChanged:
    m_PersistentCalls:
      m_Calls: []
  m_Sprite: {fileID: 21300000, guid: 6a9ba4feb6aca6643b2542ccbb827e5c, type: 3}
  m_Type: 0
  m_PreserveAspect: 0
  m_FillCenter: 1
  m_FillMethod: 4
  m_FillAmount: 1
  m_FillClockwise: 1
  m_FillOrigin: 0
  m_UseSpriteMesh: 0
  m_PixelsPerUnitMultiplier: 1
--- !u!1 &5747475549432137346
GameObject:
  m_ObjectHideFlags: 0
  m_CorrespondingSourceObject: {fileID: 0}
  m_PrefabInstance: {fileID: 0}
  m_PrefabAsset: {fileID: 0}
  serializedVersion: 6
  m_Component:
  - component: {fileID: 3503744841500680536}
  m_Layer: 5
  m_Name: AdditionalIcons
  m_TagString: Untagged
  m_Icon: {fileID: 0}
  m_NavMeshLayer: 0
  m_StaticEditorFlags: 0
  m_IsActive: 1
--- !u!224 &3503744841500680536
RectTransform:
  m_ObjectHideFlags: 0
  m_CorrespondingSourceObject: {fileID: 0}
  m_PrefabInstance: {fileID: 0}
  m_PrefabAsset: {fileID: 0}
  m_GameObject: {fileID: 5747475549432137346}
  m_LocalRotation: {x: 0, y: 0, z: 0, w: 1}
  m_LocalPosition: {x: 0, y: 0, z: 0}
  m_LocalScale: {x: 1, y: 1, z: 1}
  m_Children:
  - {fileID: 4689933766189149408}
  - {fileID: 5231524537147517393}
  m_Father: {fileID: 3521068785751712718}
  m_RootOrder: 4
  m_LocalEulerAnglesHint: {x: 0, y: 0, z: 0}
  m_AnchorMin: {x: 0.5, y: 0.5}
  m_AnchorMax: {x: 0.5, y: 0.5}
  m_AnchoredPosition: {x: 0, y: 0}
  m_SizeDelta: {x: 100, y: 100}
  m_Pivot: {x: 0.5, y: 0.5}
--- !u!1 &5970287814570516948
GameObject:
  m_ObjectHideFlags: 0
  m_CorrespondingSourceObject: {fileID: 0}
  m_PrefabInstance: {fileID: 0}
  m_PrefabAsset: {fileID: 0}
  serializedVersion: 6
  m_Component:
  - component: {fileID: 669613226434079849}
  - component: {fileID: 402235106026932437}
  - component: {fileID: 9003850863669220276}
  - component: {fileID: 7662808613660188818}
  m_Layer: 5
  m_Name: Ring
  m_TagString: Untagged
  m_Icon: {fileID: 0}
  m_NavMeshLayer: 0
  m_StaticEditorFlags: 0
  m_IsActive: 1
--- !u!224 &669613226434079849
RectTransform:
  m_ObjectHideFlags: 0
  m_CorrespondingSourceObject: {fileID: 0}
  m_PrefabInstance: {fileID: 0}
  m_PrefabAsset: {fileID: 0}
  m_GameObject: {fileID: 5970287814570516948}
  m_LocalRotation: {x: -0, y: -0, z: -0, w: 1}
  m_LocalPosition: {x: 0, y: 0, z: 0}
  m_LocalScale: {x: 1, y: 1, z: 1}
  m_Children: []
  m_Father: {fileID: 5684171573735051786}
  m_RootOrder: 0
  m_LocalEulerAnglesHint: {x: 0, y: 0, z: 0}
  m_AnchorMin: {x: 0, y: 0}
  m_AnchorMax: {x: 1, y: 1}
  m_AnchoredPosition: {x: 0, y: 0}
  m_SizeDelta: {x: 0, y: 0}
  m_Pivot: {x: 0.5, y: 0.5}
--- !u!222 &402235106026932437
CanvasRenderer:
  m_ObjectHideFlags: 0
  m_CorrespondingSourceObject: {fileID: 0}
  m_PrefabInstance: {fileID: 0}
  m_PrefabAsset: {fileID: 0}
  m_GameObject: {fileID: 5970287814570516948}
  m_CullTransparentMesh: 1
--- !u!114 &9003850863669220276
MonoBehaviour:
  m_ObjectHideFlags: 0
  m_CorrespondingSourceObject: {fileID: 0}
  m_PrefabInstance: {fileID: 0}
  m_PrefabAsset: {fileID: 0}
  m_GameObject: {fileID: 5970287814570516948}
  m_Enabled: 1
  m_EditorHideFlags: 0
  m_Script: {fileID: 11500000, guid: fe87c0e1cc204ed48ad3b37840f39efc, type: 3}
  m_Name: 
  m_EditorClassIdentifier: 
  m_Material: {fileID: 0}
  m_Color: {r: 1, g: 1, b: 1, a: 1}
  m_RaycastTarget: 1
  m_RaycastPadding: {x: 0, y: 0, z: 0, w: 0}
  m_Maskable: 1
  m_OnCullStateChanged:
    m_PersistentCalls:
      m_Calls: []
  m_Sprite: {fileID: 21300000, guid: f319120bcb60945479199028ec3ec2e7, type: 3}
  m_Type: 0
  m_PreserveAspect: 0
  m_FillCenter: 1
  m_FillMethod: 4
  m_FillAmount: 1
  m_FillClockwise: 1
  m_FillOrigin: 0
  m_UseSpriteMesh: 0
  m_PixelsPerUnitMultiplier: 1
--- !u!114 &7662808613660188818
MonoBehaviour:
  m_ObjectHideFlags: 0
  m_CorrespondingSourceObject: {fileID: 0}
  m_PrefabInstance: {fileID: 0}
  m_PrefabAsset: {fileID: 0}
  m_GameObject: {fileID: 5970287814570516948}
  m_Enabled: 0
  m_EditorHideFlags: 0
  m_Script: {fileID: 11500000, guid: f19b7e2285c104f6ca47d583f3e5444f, type: 3}
  m_Name: 
  m_EditorClassIdentifier: 
  m_EffectFactor: 1
  m_Width: 0.25
  m_Rotation: 135
  m_Softness: 1
  m_Brightness: 1
  m_Gloss: 1
  m_EffectArea: 0
  m_Player:
    play: 1
    initialPlayDelay: 1
    duration: 1
    loop: 1
    loopDelay: 3
    updateMode: 0
--- !u!1 &7166693824552142269
GameObject:
  m_ObjectHideFlags: 0
  m_CorrespondingSourceObject: {fileID: 0}
  m_PrefabInstance: {fileID: 0}
  m_PrefabAsset: {fileID: 0}
  serializedVersion: 6
  m_Component:
  - component: {fileID: 5966820337341263570}
  - component: {fileID: 9205933563962928869}
  - component: {fileID: 4327793167574327}
  - component: {fileID: 8211985393600782741}
  m_Layer: 5
  m_Name: star
  m_TagString: Untagged
  m_Icon: {fileID: 0}
  m_NavMeshLayer: 0
  m_StaticEditorFlags: 0
  m_IsActive: 1
--- !u!224 &5966820337341263570
RectTransform:
  m_ObjectHideFlags: 0
  m_CorrespondingSourceObject: {fileID: 0}
  m_PrefabInstance: {fileID: 0}
  m_PrefabAsset: {fileID: 0}
  m_GameObject: {fileID: 7166693824552142269}
  m_LocalRotation: {x: 0, y: 0, z: 0, w: 1}
  m_LocalPosition: {x: 0, y: 0, z: 0}
  m_LocalScale: {x: 1, y: 1, z: 1}
  m_Children: []
  m_Father: {fileID: 1668274157354308052}
  m_RootOrder: 1
  m_LocalEulerAnglesHint: {x: 0, y: 0, z: 0}
  m_AnchorMin: {x: 0, y: 0}
  m_AnchorMax: {x: 1, y: 1}
  m_AnchoredPosition: {x: 0, y: 0}
  m_SizeDelta: {x: 0, y: 0}
  m_Pivot: {x: 0.5, y: 0.5}
--- !u!222 &9205933563962928869
CanvasRenderer:
  m_ObjectHideFlags: 0
  m_CorrespondingSourceObject: {fileID: 0}
  m_PrefabInstance: {fileID: 0}
  m_PrefabAsset: {fileID: 0}
  m_GameObject: {fileID: 7166693824552142269}
  m_CullTransparentMesh: 1
--- !u!114 &4327793167574327
MonoBehaviour:
  m_ObjectHideFlags: 0
  m_CorrespondingSourceObject: {fileID: 0}
  m_PrefabInstance: {fileID: 0}
  m_PrefabAsset: {fileID: 0}
  m_GameObject: {fileID: 7166693824552142269}
  m_Enabled: 1
  m_EditorHideFlags: 0
  m_Script: {fileID: 11500000, guid: fe87c0e1cc204ed48ad3b37840f39efc, type: 3}
  m_Name: 
  m_EditorClassIdentifier: 
  m_Material: {fileID: 0}
  m_Color: {r: 1, g: 1, b: 1, a: 1}
  m_RaycastTarget: 1
  m_RaycastPadding: {x: 0, y: 0, z: 0, w: 0}
  m_Maskable: 1
  m_OnCullStateChanged:
    m_PersistentCalls:
      m_Calls: []
  m_Sprite: {fileID: 21300000, guid: 0b96570d289fb0c448a34a0273d02c6d, type: 3}
  m_Type: 0
  m_PreserveAspect: 0
  m_FillCenter: 1
  m_FillMethod: 4
  m_FillAmount: 1
  m_FillClockwise: 1
  m_FillOrigin: 0
  m_UseSpriteMesh: 0
  m_PixelsPerUnitMultiplier: 1
--- !u!95 &8211985393600782741
Animator:
  serializedVersion: 3
  m_ObjectHideFlags: 0
  m_CorrespondingSourceObject: {fileID: 0}
  m_PrefabInstance: {fileID: 0}
  m_PrefabAsset: {fileID: 0}
  m_GameObject: {fileID: 7166693824552142269}
  m_Enabled: 1
  m_Avatar: {fileID: 0}
  m_Controller: {fileID: 0}
  m_CullingMode: 0
  m_UpdateMode: 0
  m_ApplyRootMotion: 0
  m_LinearVelocityBlending: 0
  m_WarningMessage: 
  m_HasTransformHierarchy: 1
  m_AllowConstantClipSamplingOptimization: 1
  m_KeepAnimatorControllerStateOnDisable: 0
--- !u!1 &7403647771054126702
GameObject:
  m_ObjectHideFlags: 0
  m_CorrespondingSourceObject: {fileID: 0}
  m_PrefabInstance: {fileID: 0}
  m_PrefabAsset: {fileID: 0}
  serializedVersion: 6
  m_Component:
  - component: {fileID: 7592027519113070595}
  - component: {fileID: 4215470189483581859}
  m_Layer: 5
  m_Name: OpportunityHolder
  m_TagString: Untagged
  m_Icon: {fileID: 0}
  m_NavMeshLayer: 0
  m_StaticEditorFlags: 0
  m_IsActive: 1
--- !u!224 &7592027519113070595
RectTransform:
  m_ObjectHideFlags: 0
  m_CorrespondingSourceObject: {fileID: 0}
  m_PrefabInstance: {fileID: 0}
  m_PrefabAsset: {fileID: 0}
  m_GameObject: {fileID: 7403647771054126702}
  m_LocalRotation: {x: 0, y: 0, z: 0, w: 1}
  m_LocalPosition: {x: 0, y: 0, z: 0}
  m_LocalScale: {x: 1, y: 1, z: 1}
  m_Children:
  - {fileID: 9075196542796553495}
  - {fileID: 3829764761800309174}
  m_Father: {fileID: 3521068785751712718}
  m_RootOrder: 2
  m_LocalEulerAnglesHint: {x: 0, y: 0, z: 0}
  m_AnchorMin: {x: 1, y: 0.5}
  m_AnchorMax: {x: 1, y: 0.5}
  m_AnchoredPosition: {x: 40, y: 0}
  m_SizeDelta: {x: 64, y: 64}
  m_Pivot: {x: 0.5, y: 0.5}
--- !u!114 &4215470189483581859
MonoBehaviour:
  m_ObjectHideFlags: 0
  m_CorrespondingSourceObject: {fileID: 0}
  m_PrefabInstance: {fileID: 0}
  m_PrefabAsset: {fileID: 0}
  m_GameObject: {fileID: 7403647771054126702}
  m_Enabled: 1
  m_EditorHideFlags: 0
  m_Script: {fileID: 11500000, guid: 59f8146938fff824cb5fd77236b75775, type: 3}
  m_Name: 
  m_EditorClassIdentifier: 
  m_Padding:
    m_Left: 0
    m_Right: 0
    m_Top: 0
    m_Bottom: 0
  m_ChildAlignment: 3
  m_Spacing: 0
  m_ChildForceExpandWidth: 0
  m_ChildForceExpandHeight: 0
  m_ChildControlWidth: 0
  m_ChildControlHeight: 0
  m_ChildScaleWidth: 0
  m_ChildScaleHeight: 0
  m_ReverseArrangement: 0
--- !u!1 &8064924775703638436
GameObject:
  m_ObjectHideFlags: 0
  m_CorrespondingSourceObject: {fileID: 0}
  m_PrefabInstance: {fileID: 0}
  m_PrefabAsset: {fileID: 0}
  serializedVersion: 6
  m_Component:
  - component: {fileID: 4689933766189149408}
  - component: {fileID: 8413835772589944547}
  - component: {fileID: 7577008719258138593}
  m_Layer: 5
  m_Name: Lock
  m_TagString: Untagged
  m_Icon: {fileID: 0}
  m_NavMeshLayer: 0
  m_StaticEditorFlags: 0
  m_IsActive: 1
--- !u!224 &4689933766189149408
RectTransform:
  m_ObjectHideFlags: 0
  m_CorrespondingSourceObject: {fileID: 0}
  m_PrefabInstance: {fileID: 0}
  m_PrefabAsset: {fileID: 0}
  m_GameObject: {fileID: 8064924775703638436}
  m_LocalRotation: {x: 0, y: 0, z: 0, w: 1}
  m_LocalPosition: {x: 0, y: 0, z: 0}
  m_LocalScale: {x: 1, y: 1, z: 1}
  m_Children: []
  m_Father: {fileID: 3503744841500680536}
  m_RootOrder: 0
  m_LocalEulerAnglesHint: {x: 0, y: 0, z: 0}
  m_AnchorMin: {x: 0.5, y: 0.5}
  m_AnchorMax: {x: 0.5, y: 0.5}
  m_AnchoredPosition: {x: 0, y: 0}
  m_SizeDelta: {x: 32.0543, y: 32.0543}
  m_Pivot: {x: 0.5, y: 0.5}
--- !u!222 &8413835772589944547
CanvasRenderer:
  m_ObjectHideFlags: 0
  m_CorrespondingSourceObject: {fileID: 0}
  m_PrefabInstance: {fileID: 0}
  m_PrefabAsset: {fileID: 0}
  m_GameObject: {fileID: 8064924775703638436}
  m_CullTransparentMesh: 1
--- !u!114 &7577008719258138593
MonoBehaviour:
  m_ObjectHideFlags: 0
  m_CorrespondingSourceObject: {fileID: 0}
  m_PrefabInstance: {fileID: 0}
  m_PrefabAsset: {fileID: 0}
  m_GameObject: {fileID: 8064924775703638436}
  m_Enabled: 1
  m_EditorHideFlags: 0
  m_Script: {fileID: 11500000, guid: fe87c0e1cc204ed48ad3b37840f39efc, type: 3}
  m_Name: 
  m_EditorClassIdentifier: 
  m_Material: {fileID: 0}
  m_Color: {r: 1, g: 1, b: 1, a: 1}
  m_RaycastTarget: 1
  m_RaycastPadding: {x: 0, y: 0, z: 0, w: 0}
  m_Maskable: 1
  m_OnCullStateChanged:
    m_PersistentCalls:
      m_Calls: []
  m_Sprite: {fileID: 21300000, guid: 7fb1749bc4bed4422a977bfdf3212dd3, type: 3}
  m_Type: 0
  m_PreserveAspect: 0
  m_FillCenter: 1
  m_FillMethod: 4
  m_FillAmount: 1
  m_FillClockwise: 1
  m_FillOrigin: 0
  m_UseSpriteMesh: 0
  m_PixelsPerUnitMultiplier: 1
--- !u!1 &8081350099538453725
GameObject:
  m_ObjectHideFlags: 0
  m_CorrespondingSourceObject: {fileID: 0}
  m_PrefabInstance: {fileID: 0}
  m_PrefabAsset: {fileID: 0}
  serializedVersion: 6
  m_Component:
  - component: {fileID: 1668274157354308052}
  m_Layer: 5
  m_Name: Ring_1
  m_TagString: Untagged
  m_Icon: {fileID: 0}
  m_NavMeshLayer: 0
  m_StaticEditorFlags: 0
  m_IsActive: 1
--- !u!224 &1668274157354308052
RectTransform:
  m_ObjectHideFlags: 0
  m_CorrespondingSourceObject: {fileID: 0}
  m_PrefabInstance: {fileID: 0}
  m_PrefabAsset: {fileID: 0}
  m_GameObject: {fileID: 8081350099538453725}
  m_LocalRotation: {x: -0, y: -0, z: -0, w: 1}
  m_LocalPosition: {x: 0, y: 0, z: 0}
  m_LocalScale: {x: 1, y: 1, z: 1}
  m_Children:
  - {fileID: 941757358178940116}
  - {fileID: 5966820337341263570}
  m_Father: {fileID: 3138552859714753417}
  m_RootOrder: 0
  m_LocalEulerAnglesHint: {x: 0, y: 0, z: 0}
  m_AnchorMin: {x: 0.5, y: 0.5}
  m_AnchorMax: {x: 0.5, y: 0.5}
  m_AnchoredPosition: {x: -7.276e-12, y: 0}
  m_SizeDelta: {x: 106.52, y: 106.52}
  m_Pivot: {x: 0.5, y: 0.5}
--- !u!1 &8165059764456540750
GameObject:
  m_ObjectHideFlags: 0
  m_CorrespondingSourceObject: {fileID: 0}
  m_PrefabInstance: {fileID: 0}
  m_PrefabAsset: {fileID: 0}
  serializedVersion: 6
  m_Component:
  - component: {fileID: 5684171573735051786}
  - component: {fileID: 6272578146018953730}
  - component: {fileID: 4950863147059981523}
  - component: {fileID: 5337737149126566843}
  m_Layer: 5
  m_Name: Marker
  m_TagString: Untagged
  m_Icon: {fileID: 0}
  m_NavMeshLayer: 0
  m_StaticEditorFlags: 0
  m_IsActive: 1
--- !u!224 &5684171573735051786
RectTransform:
  m_ObjectHideFlags: 0
  m_CorrespondingSourceObject: {fileID: 0}
  m_PrefabInstance: {fileID: 0}
  m_PrefabAsset: {fileID: 0}
  m_GameObject: {fileID: 8165059764456540750}
  m_LocalRotation: {x: 0, y: 0, z: 0, w: 1}
  m_LocalPosition: {x: 0, y: 0, z: 0}
  m_LocalScale: {x: 1, y: 1, z: 1}
  m_Children:
  - {fileID: 669613226434079849}
  m_Father: {fileID: 3521068785751712718}
  m_RootOrder: 0
  m_LocalEulerAnglesHint: {x: 0, y: 0, z: 0}
  m_AnchorMin: {x: 0.5, y: 0.5}
  m_AnchorMax: {x: 0.5, y: 0.5}
  m_AnchoredPosition: {x: 0, y: 0}
  m_SizeDelta: {x: 100, y: 100}
  m_Pivot: {x: 0.5, y: 0.5}
--- !u!222 &6272578146018953730
CanvasRenderer:
  m_ObjectHideFlags: 0
  m_CorrespondingSourceObject: {fileID: 0}
  m_PrefabInstance: {fileID: 0}
  m_PrefabAsset: {fileID: 0}
  m_GameObject: {fileID: 8165059764456540750}
  m_CullTransparentMesh: 1
--- !u!114 &4950863147059981523
MonoBehaviour:
  m_ObjectHideFlags: 0
  m_CorrespondingSourceObject: {fileID: 0}
  m_PrefabInstance: {fileID: 0}
  m_PrefabAsset: {fileID: 0}
  m_GameObject: {fileID: 8165059764456540750}
  m_Enabled: 1
  m_EditorHideFlags: 0
  m_Script: {fileID: 11500000, guid: fe87c0e1cc204ed48ad3b37840f39efc, type: 3}
  m_Name: 
  m_EditorClassIdentifier: 
  m_Material: {fileID: 0}
  m_Color: {r: 1, g: 1, b: 1, a: 1}
  m_RaycastTarget: 1
  m_RaycastPadding: {x: 0, y: 0, z: 0, w: 0}
  m_Maskable: 1
  m_OnCullStateChanged:
    m_PersistentCalls:
      m_Calls: []
  m_Sprite: {fileID: 21300000, guid: 0c988976688072f4482516afd3bea780, type: 3}
  m_Type: 0
  m_PreserveAspect: 0
  m_FillCenter: 1
  m_FillMethod: 4
  m_FillAmount: 1
  m_FillClockwise: 1
  m_FillOrigin: 0
  m_UseSpriteMesh: 0
  m_PixelsPerUnitMultiplier: 1
--- !u!114 &5337737149126566843
MonoBehaviour:
  m_ObjectHideFlags: 0
  m_CorrespondingSourceObject: {fileID: 0}
  m_PrefabInstance: {fileID: 0}
  m_PrefabAsset: {fileID: 0}
  m_GameObject: {fileID: 8165059764456540750}
  m_Enabled: 0
  m_EditorHideFlags: 0
  m_Script: {fileID: 11500000, guid: f19b7e2285c104f6ca47d583f3e5444f, type: 3}
  m_Name: 
  m_EditorClassIdentifier: 
  m_EffectFactor: 1
  m_Width: 0.25
  m_Rotation: 135
  m_Softness: 1
  m_Brightness: 1
  m_Gloss: 1
  m_EffectArea: 0
  m_Player:
    play: 1
    initialPlayDelay: 1
    duration: 1
    loop: 1
    loopDelay: 3
    updateMode: 0
--- !u!1 &8320289419372037029
GameObject:
  m_ObjectHideFlags: 0
  m_CorrespondingSourceObject: {fileID: 0}
  m_PrefabInstance: {fileID: 0}
  m_PrefabAsset: {fileID: 0}
  serializedVersion: 6
  m_Component:
  - component: {fileID: 5828008217326104553}
  - component: {fileID: 2359061719108416302}
  m_Layer: 5
  m_Name: MothershipHolder
  m_TagString: Untagged
  m_Icon: {fileID: 0}
  m_NavMeshLayer: 0
  m_StaticEditorFlags: 0
  m_IsActive: 0
--- !u!224 &5828008217326104553
RectTransform:
  m_ObjectHideFlags: 0
  m_CorrespondingSourceObject: {fileID: 0}
  m_PrefabInstance: {fileID: 0}
  m_PrefabAsset: {fileID: 0}
  m_GameObject: {fileID: 8320289419372037029}
  m_LocalRotation: {x: -0, y: -0, z: -0, w: 1}
  m_LocalPosition: {x: 0, y: 0, z: 0}
  m_LocalScale: {x: 1, y: 1, z: 1}
  m_Children:
  - {fileID: 5270648926184393219}
  m_Father: {fileID: 7044780415002814543}
  m_RootOrder: 0
  m_LocalEulerAnglesHint: {x: 0, y: 0, z: 0}
  m_AnchorMin: {x: 0.5, y: 0.5}
  m_AnchorMax: {x: 0.5, y: 0.5}
  m_AnchoredPosition: {x: 0, y: 0}
  m_SizeDelta: {x: 100, y: 100}
  m_Pivot: {x: 0.5, y: 0.5}
--- !u!114 &2359061719108416302
MonoBehaviour:
  m_ObjectHideFlags: 0
  m_CorrespondingSourceObject: {fileID: 0}
  m_PrefabInstance: {fileID: 0}
  m_PrefabAsset: {fileID: 0}
  m_GameObject: {fileID: 8320289419372037029}
  m_Enabled: 1
  m_EditorHideFlags: 0
  m_Script: {fileID: 11500000, guid: cbe4ea19d4f6836458a49892737ce28e, type: 3}
  m_Name: 
  m_EditorClassIdentifier: 
  rotateRate: {x: 0, y: 0, z: 10}
--- !u!1 &8718642002068209607
GameObject:
  m_ObjectHideFlags: 0
  m_CorrespondingSourceObject: {fileID: 0}
  m_PrefabInstance: {fileID: 0}
  m_PrefabAsset: {fileID: 0}
  serializedVersion: 6
  m_Component:
  - component: {fileID: 7044780415002814543}
  - component: {fileID: 7105009091097769676}
  - component: {fileID: 1836197636356682293}
  - component: {fileID: 5964570791859234118}
  m_Layer: 5
  m_Name: CurrentLocation
  m_TagString: Untagged
  m_Icon: {fileID: 0}
  m_NavMeshLayer: 0
  m_StaticEditorFlags: 0
  m_IsActive: 1
--- !u!224 &7044780415002814543
RectTransform:
  m_ObjectHideFlags: 0
  m_CorrespondingSourceObject: {fileID: 0}
  m_PrefabInstance: {fileID: 0}
  m_PrefabAsset: {fileID: 0}
  m_GameObject: {fileID: 8718642002068209607}
  m_LocalRotation: {x: 0, y: 0, z: 0, w: 1}
  m_LocalPosition: {x: 0, y: 0, z: 0}
  m_LocalScale: {x: 1, y: 1, z: 1}
  m_Children:
  - {fileID: 5828008217326104553}
  m_Father: {fileID: 3521068785751712718}
  m_RootOrder: 1
  m_LocalEulerAnglesHint: {x: 0, y: 0, z: 0}
  m_AnchorMin: {x: 0, y: 0}
  m_AnchorMax: {x: 1, y: 1}
  m_AnchoredPosition: {x: 0, y: 0}
  m_SizeDelta: {x: 64, y: 64}
  m_Pivot: {x: 0.5, y: 0.5}
--- !u!222 &7105009091097769676
CanvasRenderer:
  m_ObjectHideFlags: 0
  m_CorrespondingSourceObject: {fileID: 0}
  m_PrefabInstance: {fileID: 0}
  m_PrefabAsset: {fileID: 0}
  m_GameObject: {fileID: 8718642002068209607}
  m_CullTransparentMesh: 1
--- !u!114 &1836197636356682293
MonoBehaviour:
  m_ObjectHideFlags: 0
  m_CorrespondingSourceObject: {fileID: 0}
  m_PrefabInstance: {fileID: 0}
  m_PrefabAsset: {fileID: 0}
  m_GameObject: {fileID: 8718642002068209607}
  m_Enabled: 1
  m_EditorHideFlags: 0
  m_Script: {fileID: 11500000, guid: fe87c0e1cc204ed48ad3b37840f39efc, type: 3}
  m_Name: 
  m_EditorClassIdentifier: 
  m_Material: {fileID: 0}
  m_Color: {r: 1, g: 1, b: 1, a: 1}
  m_RaycastTarget: 0
  m_RaycastPadding: {x: 0, y: 0, z: 0, w: 0}
  m_Maskable: 1
  m_OnCullStateChanged:
    m_PersistentCalls:
      m_Calls: []
  m_Sprite: {fileID: 21300000, guid: 531381ab0dbec6543acb0e215696b497, type: 3}
  m_Type: 0
  m_PreserveAspect: 0
  m_FillCenter: 1
  m_FillMethod: 4
  m_FillAmount: 1
  m_FillClockwise: 1
  m_FillOrigin: 0
  m_UseSpriteMesh: 0
  m_PixelsPerUnitMultiplier: 1
--- !u!114 &5964570791859234118
MonoBehaviour:
  m_ObjectHideFlags: 0
  m_CorrespondingSourceObject: {fileID: 0}
  m_PrefabInstance: {fileID: 0}
  m_PrefabAsset: {fileID: 0}
  m_GameObject: {fileID: 8718642002068209607}
  m_Enabled: 1
  m_EditorHideFlags: 0
  m_Script: {fileID: 11500000, guid: cbe4ea19d4f6836458a49892737ce28e, type: 3}
  m_Name: 
  m_EditorClassIdentifier: 
  rotateRate: {x: 0, y: 0, z: -10}
--- !u!1001 &1151211410522757069
PrefabInstance:
  m_ObjectHideFlags: 0
  serializedVersion: 2
  m_Modification:
    m_TransformParent: {fileID: 7592027519113070595}
    m_Modifications:
    - target: {fileID: 1922394207002177248, guid: 0db997325ec8246408baa43baab487ac,
        type: 3}
      propertyPath: m_Sprite
      value: 
      objectReference: {fileID: 21300000, guid: 3a8f72350f06f26428fb0d5524479c9a,
        type: 3}
    - target: {fileID: 3243659370549689186, guid: 0db997325ec8246408baa43baab487ac,
        type: 3}
      propertyPath: m_Name
      value: SectorEffectDisplay
      objectReference: {fileID: 0}
    - target: {fileID: 8216957716085082842, guid: 0db997325ec8246408baa43baab487ac,
        type: 3}
      propertyPath: m_Pivot.x
      value: 0.5
      objectReference: {fileID: 0}
    - target: {fileID: 8216957716085082842, guid: 0db997325ec8246408baa43baab487ac,
        type: 3}
      propertyPath: m_Pivot.y
      value: 0.5
      objectReference: {fileID: 0}
    - target: {fileID: 8216957716085082842, guid: 0db997325ec8246408baa43baab487ac,
        type: 3}
      propertyPath: m_RootOrder
      value: 0
      objectReference: {fileID: 0}
    - target: {fileID: 8216957716085082842, guid: 0db997325ec8246408baa43baab487ac,
        type: 3}
      propertyPath: m_AnchorMax.x
      value: 0
      objectReference: {fileID: 0}
    - target: {fileID: 8216957716085082842, guid: 0db997325ec8246408baa43baab487ac,
        type: 3}
      propertyPath: m_AnchorMax.y
      value: 0
      objectReference: {fileID: 0}
    - target: {fileID: 8216957716085082842, guid: 0db997325ec8246408baa43baab487ac,
        type: 3}
      propertyPath: m_AnchorMin.x
      value: 0
      objectReference: {fileID: 0}
    - target: {fileID: 8216957716085082842, guid: 0db997325ec8246408baa43baab487ac,
        type: 3}
      propertyPath: m_AnchorMin.y
      value: 0
      objectReference: {fileID: 0}
    - target: {fileID: 8216957716085082842, guid: 0db997325ec8246408baa43baab487ac,
        type: 3}
      propertyPath: m_SizeDelta.x
      value: 24
      objectReference: {fileID: 0}
    - target: {fileID: 8216957716085082842, guid: 0db997325ec8246408baa43baab487ac,
        type: 3}
      propertyPath: m_SizeDelta.y
      value: 24
      objectReference: {fileID: 0}
    - target: {fileID: 8216957716085082842, guid: 0db997325ec8246408baa43baab487ac,
        type: 3}
      propertyPath: m_LocalPosition.x
      value: 0
      objectReference: {fileID: 0}
    - target: {fileID: 8216957716085082842, guid: 0db997325ec8246408baa43baab487ac,
        type: 3}
      propertyPath: m_LocalPosition.y
      value: 0
      objectReference: {fileID: 0}
    - target: {fileID: 8216957716085082842, guid: 0db997325ec8246408baa43baab487ac,
        type: 3}
      propertyPath: m_LocalPosition.z
      value: 0
      objectReference: {fileID: 0}
    - target: {fileID: 8216957716085082842, guid: 0db997325ec8246408baa43baab487ac,
        type: 3}
      propertyPath: m_LocalRotation.w
      value: 1
      objectReference: {fileID: 0}
    - target: {fileID: 8216957716085082842, guid: 0db997325ec8246408baa43baab487ac,
        type: 3}
      propertyPath: m_LocalRotation.x
      value: 0
      objectReference: {fileID: 0}
    - target: {fileID: 8216957716085082842, guid: 0db997325ec8246408baa43baab487ac,
        type: 3}
      propertyPath: m_LocalRotation.y
      value: 0
      objectReference: {fileID: 0}
    - target: {fileID: 8216957716085082842, guid: 0db997325ec8246408baa43baab487ac,
        type: 3}
      propertyPath: m_LocalRotation.z
      value: 0
      objectReference: {fileID: 0}
    - target: {fileID: 8216957716085082842, guid: 0db997325ec8246408baa43baab487ac,
        type: 3}
      propertyPath: m_AnchoredPosition.x
      value: 0
      objectReference: {fileID: 0}
    - target: {fileID: 8216957716085082842, guid: 0db997325ec8246408baa43baab487ac,
        type: 3}
      propertyPath: m_AnchoredPosition.y
      value: 0
      objectReference: {fileID: 0}
    - target: {fileID: 8216957716085082842, guid: 0db997325ec8246408baa43baab487ac,
        type: 3}
      propertyPath: m_LocalEulerAnglesHint.x
      value: 0
      objectReference: {fileID: 0}
    - target: {fileID: 8216957716085082842, guid: 0db997325ec8246408baa43baab487ac,
        type: 3}
      propertyPath: m_LocalEulerAnglesHint.y
      value: 0
      objectReference: {fileID: 0}
    - target: {fileID: 8216957716085082842, guid: 0db997325ec8246408baa43baab487ac,
        type: 3}
      propertyPath: m_LocalEulerAnglesHint.z
      value: 0
      objectReference: {fileID: 0}
    m_RemovedComponents: []
  m_SourcePrefab: {fileID: 100100000, guid: 0db997325ec8246408baa43baab487ac, type: 3}
--- !u!224 &9075196542796553495 stripped
RectTransform:
  m_CorrespondingSourceObject: {fileID: 8216957716085082842, guid: 0db997325ec8246408baa43baab487ac,
    type: 3}
  m_PrefabInstance: {fileID: 1151211410522757069}
  m_PrefabAsset: {fileID: 0}
--- !u!114 &3670747294503541120 stripped
MonoBehaviour:
  m_CorrespondingSourceObject: {fileID: 4398030683957218893, guid: 0db997325ec8246408baa43baab487ac,
    type: 3}
  m_PrefabInstance: {fileID: 1151211410522757069}
  m_PrefabAsset: {fileID: 0}
  m_GameObject: {fileID: 0}
  m_Enabled: 1
  m_EditorHideFlags: 0
  m_Script: {fileID: 11500000, guid: a1f78acbebdc4306a6edec31db05c6d3, type: 3}
  m_Name: 
  m_EditorClassIdentifier: 
--- !u!1001 &3422779112497027108
PrefabInstance:
  m_ObjectHideFlags: 0
  serializedVersion: 2
  m_Modification:
    m_TransformParent: {fileID: 3521068785751712718}
    m_Modifications:
    - target: {fileID: 643315748042333202, guid: 2a23f3e656e882441b52062e396cac07,
        type: 3}
      propertyPath: m_Name
      value: FTUE_StepPointer_UI (2)
      objectReference: {fileID: 0}
    - target: {fileID: 3256781836362385803, guid: 2a23f3e656e882441b52062e396cac07,
        type: 3}
      propertyPath: m_Pivot.x
      value: 0.5
      objectReference: {fileID: 0}
    - target: {fileID: 3256781836362385803, guid: 2a23f3e656e882441b52062e396cac07,
        type: 3}
      propertyPath: m_Pivot.y
      value: 0.5
      objectReference: {fileID: 0}
    - target: {fileID: 3256781836362385803, guid: 2a23f3e656e882441b52062e396cac07,
        type: 3}
      propertyPath: m_RootOrder
      value: 8
      objectReference: {fileID: 0}
    - target: {fileID: 3256781836362385803, guid: 2a23f3e656e882441b52062e396cac07,
        type: 3}
      propertyPath: m_AnchorMax.x
      value: 0.5
      objectReference: {fileID: 0}
    - target: {fileID: 3256781836362385803, guid: 2a23f3e656e882441b52062e396cac07,
        type: 3}
      propertyPath: m_AnchorMax.y
      value: 0.5
      objectReference: {fileID: 0}
    - target: {fileID: 3256781836362385803, guid: 2a23f3e656e882441b52062e396cac07,
        type: 3}
      propertyPath: m_AnchorMin.x
      value: 0.5
      objectReference: {fileID: 0}
    - target: {fileID: 3256781836362385803, guid: 2a23f3e656e882441b52062e396cac07,
        type: 3}
      propertyPath: m_AnchorMin.y
      value: 0.5
      objectReference: {fileID: 0}
    - target: {fileID: 3256781836362385803, guid: 2a23f3e656e882441b52062e396cac07,
        type: 3}
      propertyPath: m_SizeDelta.x
      value: 100
      objectReference: {fileID: 0}
    - target: {fileID: 3256781836362385803, guid: 2a23f3e656e882441b52062e396cac07,
        type: 3}
      propertyPath: m_SizeDelta.y
      value: 100
      objectReference: {fileID: 0}
    - target: {fileID: 3256781836362385803, guid: 2a23f3e656e882441b52062e396cac07,
        type: 3}
      propertyPath: m_LocalPosition.x
      value: 0
      objectReference: {fileID: 0}
    - target: {fileID: 3256781836362385803, guid: 2a23f3e656e882441b52062e396cac07,
        type: 3}
      propertyPath: m_LocalPosition.y
      value: 0
      objectReference: {fileID: 0}
    - target: {fileID: 3256781836362385803, guid: 2a23f3e656e882441b52062e396cac07,
        type: 3}
      propertyPath: m_LocalPosition.z
      value: 0
      objectReference: {fileID: 0}
    - target: {fileID: 3256781836362385803, guid: 2a23f3e656e882441b52062e396cac07,
        type: 3}
      propertyPath: m_LocalRotation.w
      value: 1
      objectReference: {fileID: 0}
    - target: {fileID: 3256781836362385803, guid: 2a23f3e656e882441b52062e396cac07,
        type: 3}
      propertyPath: m_LocalRotation.x
      value: 0
      objectReference: {fileID: 0}
    - target: {fileID: 3256781836362385803, guid: 2a23f3e656e882441b52062e396cac07,
        type: 3}
      propertyPath: m_LocalRotation.y
      value: 0
      objectReference: {fileID: 0}
    - target: {fileID: 3256781836362385803, guid: 2a23f3e656e882441b52062e396cac07,
        type: 3}
      propertyPath: m_LocalRotation.z
      value: 0
      objectReference: {fileID: 0}
    - target: {fileID: 3256781836362385803, guid: 2a23f3e656e882441b52062e396cac07,
        type: 3}
      propertyPath: m_AnchoredPosition.x
      value: 0
      objectReference: {fileID: 0}
    - target: {fileID: 3256781836362385803, guid: 2a23f3e656e882441b52062e396cac07,
        type: 3}
      propertyPath: m_AnchoredPosition.y
      value: 0
      objectReference: {fileID: 0}
    - target: {fileID: 3256781836362385803, guid: 2a23f3e656e882441b52062e396cac07,
        type: 3}
      propertyPath: m_LocalEulerAnglesHint.x
      value: 0
      objectReference: {fileID: 0}
    - target: {fileID: 3256781836362385803, guid: 2a23f3e656e882441b52062e396cac07,
        type: 3}
      propertyPath: m_LocalEulerAnglesHint.y
      value: 0
      objectReference: {fileID: 0}
    - target: {fileID: 3256781836362385803, guid: 2a23f3e656e882441b52062e396cac07,
        type: 3}
      propertyPath: m_LocalEulerAnglesHint.z
      value: 0
      objectReference: {fileID: 0}
    m_RemovedComponents:
    - {fileID: 6302889102907805711, guid: 2a23f3e656e882441b52062e396cac07, type: 3}
  m_SourcePrefab: {fileID: 100100000, guid: 2a23f3e656e882441b52062e396cac07, type: 3}
--- !u!1 &6827164936797792926 stripped
GameObject:
  m_CorrespondingSourceObject: {fileID: 8160189515744850618, guid: 2a23f3e656e882441b52062e396cac07,
    type: 3}
  m_PrefabInstance: {fileID: 3422779112497027108}
  m_PrefabAsset: {fileID: 0}
--- !u!1 &2841106385443832886 stripped
GameObject:
  m_CorrespondingSourceObject: {fileID: 643315748042333202, guid: 2a23f3e656e882441b52062e396cac07,
    type: 3}
  m_PrefabInstance: {fileID: 3422779112497027108}
  m_PrefabAsset: {fileID: 0}
--- !u!224 &194304204143071663 stripped
RectTransform:
  m_CorrespondingSourceObject: {fileID: 3256781836362385803, guid: 2a23f3e656e882441b52062e396cac07,
    type: 3}
  m_PrefabInstance: {fileID: 3422779112497027108}
  m_PrefabAsset: {fileID: 0}
--- !u!114 &5645209245456925291
MonoBehaviour:
  m_ObjectHideFlags: 0
  m_CorrespondingSourceObject: {fileID: 0}
  m_PrefabInstance: {fileID: 0}
  m_PrefabAsset: {fileID: 0}
  m_GameObject: {fileID: 2841106385443832886}
  m_Enabled: 1
  m_EditorHideFlags: 0
  m_Script: {fileID: 11500000, guid: d74812741292408ab103c5a98429ab3a, type: 3}
  m_Name: 
  m_EditorClassIdentifier: 
  module: 0
  stepIds:
  - core_tapAnomaly
  onSetStateValid:
    m_PersistentCalls:
      m_Calls:
      - m_Target: {fileID: 6827164936797792926}
        m_TargetAssemblyTypeName: UnityEngine.GameObject, UnityEngine
        m_MethodName: SetActive
        m_Mode: 0
        m_Arguments:
          m_ObjectArgument: {fileID: 0}
          m_ObjectArgumentAssemblyTypeName: UnityEngine.Object, UnityEngine
          m_IntArgument: 0
          m_FloatArgument: 0
          m_StringArgument: 
          m_BoolArgument: 0
        m_CallState: 2
      - m_Target: {fileID: 4719828386152914101}
        m_TargetAssemblyTypeName: Core.Gameplay.Sectors.SectorMarker, Assembly-CSharp
        m_MethodName: SetInteractable
        m_Mode: 0
        m_Arguments:
          m_ObjectArgument: {fileID: 0}
          m_ObjectArgumentAssemblyTypeName: UnityEngine.Object, UnityEngine
          m_IntArgument: 0
          m_FloatArgument: 0
          m_StringArgument: 
          m_BoolArgument: 0
        m_CallState: 2
  onComplete:
    m_PersistentCalls:
      m_Calls:
      - m_Target: {fileID: 6827164936797792926}
        m_TargetAssemblyTypeName: UnityEngine.GameObject, UnityEngine
        m_MethodName: SetActive
        m_Mode: 6
        m_Arguments:
          m_ObjectArgument: {fileID: 0}
          m_ObjectArgumentAssemblyTypeName: UnityEngine.Object, UnityEngine
          m_IntArgument: 0
          m_FloatArgument: 0
          m_StringArgument: 
          m_BoolArgument: 0
        m_CallState: 2
      - m_Target: {fileID: 4719828386152914101}
        m_TargetAssemblyTypeName: Core.Gameplay.Sectors.SectorMarker, Assembly-CSharp
        m_MethodName: SetInteractable
        m_Mode: 6
        m_Arguments:
          m_ObjectArgument: {fileID: 0}
          m_ObjectArgumentAssemblyTypeName: UnityEngine.Object, UnityEngine
          m_IntArgument: 0
          m_FloatArgument: 0
          m_StringArgument: 
          m_BoolArgument: 1
        m_CallState: 2
  marker: {fileID: 4719828386152914101}
  targetMarkerId: sector_end
--- !u!1001 &3894697733499042029
PrefabInstance:
  m_ObjectHideFlags: 0
  serializedVersion: 2
  m_Modification:
    m_TransformParent: {fileID: 3521068785751712718}
    m_Modifications:
    - target: {fileID: 643315748042333202, guid: 2a23f3e656e882441b52062e396cac07,
        type: 3}
      propertyPath: m_Name
      value: FTUE_StepPointer_UI
      objectReference: {fileID: 0}
    - target: {fileID: 3256781836362385803, guid: 2a23f3e656e882441b52062e396cac07,
        type: 3}
      propertyPath: m_Pivot.x
      value: 0.5
      objectReference: {fileID: 0}
    - target: {fileID: 3256781836362385803, guid: 2a23f3e656e882441b52062e396cac07,
        type: 3}
      propertyPath: m_Pivot.y
      value: 0.5
      objectReference: {fileID: 0}
    - target: {fileID: 3256781836362385803, guid: 2a23f3e656e882441b52062e396cac07,
        type: 3}
      propertyPath: m_RootOrder
      value: 6
      objectReference: {fileID: 0}
    - target: {fileID: 3256781836362385803, guid: 2a23f3e656e882441b52062e396cac07,
        type: 3}
      propertyPath: m_AnchorMax.x
      value: 0.5
      objectReference: {fileID: 0}
    - target: {fileID: 3256781836362385803, guid: 2a23f3e656e882441b52062e396cac07,
        type: 3}
      propertyPath: m_AnchorMax.y
      value: 0.5
      objectReference: {fileID: 0}
    - target: {fileID: 3256781836362385803, guid: 2a23f3e656e882441b52062e396cac07,
        type: 3}
      propertyPath: m_AnchorMin.x
      value: 0.5
      objectReference: {fileID: 0}
    - target: {fileID: 3256781836362385803, guid: 2a23f3e656e882441b52062e396cac07,
        type: 3}
      propertyPath: m_AnchorMin.y
      value: 0.5
      objectReference: {fileID: 0}
    - target: {fileID: 3256781836362385803, guid: 2a23f3e656e882441b52062e396cac07,
        type: 3}
      propertyPath: m_SizeDelta.x
      value: 100
      objectReference: {fileID: 0}
    - target: {fileID: 3256781836362385803, guid: 2a23f3e656e882441b52062e396cac07,
        type: 3}
      propertyPath: m_SizeDelta.y
      value: 100
      objectReference: {fileID: 0}
    - target: {fileID: 3256781836362385803, guid: 2a23f3e656e882441b52062e396cac07,
        type: 3}
      propertyPath: m_LocalPosition.x
      value: 0
      objectReference: {fileID: 0}
    - target: {fileID: 3256781836362385803, guid: 2a23f3e656e882441b52062e396cac07,
        type: 3}
      propertyPath: m_LocalPosition.y
      value: 0
      objectReference: {fileID: 0}
    - target: {fileID: 3256781836362385803, guid: 2a23f3e656e882441b52062e396cac07,
        type: 3}
      propertyPath: m_LocalPosition.z
      value: 0
      objectReference: {fileID: 0}
    - target: {fileID: 3256781836362385803, guid: 2a23f3e656e882441b52062e396cac07,
        type: 3}
      propertyPath: m_LocalRotation.w
      value: 1
      objectReference: {fileID: 0}
    - target: {fileID: 3256781836362385803, guid: 2a23f3e656e882441b52062e396cac07,
        type: 3}
      propertyPath: m_LocalRotation.x
      value: 0
      objectReference: {fileID: 0}
    - target: {fileID: 3256781836362385803, guid: 2a23f3e656e882441b52062e396cac07,
        type: 3}
      propertyPath: m_LocalRotation.y
      value: 0
      objectReference: {fileID: 0}
    - target: {fileID: 3256781836362385803, guid: 2a23f3e656e882441b52062e396cac07,
        type: 3}
      propertyPath: m_LocalRotation.z
      value: 0
      objectReference: {fileID: 0}
    - target: {fileID: 3256781836362385803, guid: 2a23f3e656e882441b52062e396cac07,
        type: 3}
      propertyPath: m_AnchoredPosition.x
      value: 0
      objectReference: {fileID: 0}
    - target: {fileID: 3256781836362385803, guid: 2a23f3e656e882441b52062e396cac07,
        type: 3}
      propertyPath: m_AnchoredPosition.y
      value: 0
      objectReference: {fileID: 0}
    - target: {fileID: 3256781836362385803, guid: 2a23f3e656e882441b52062e396cac07,
        type: 3}
      propertyPath: m_LocalEulerAnglesHint.x
      value: 0
      objectReference: {fileID: 0}
    - target: {fileID: 3256781836362385803, guid: 2a23f3e656e882441b52062e396cac07,
        type: 3}
      propertyPath: m_LocalEulerAnglesHint.y
      value: 0
      objectReference: {fileID: 0}
    - target: {fileID: 3256781836362385803, guid: 2a23f3e656e882441b52062e396cac07,
        type: 3}
      propertyPath: m_LocalEulerAnglesHint.z
      value: 0
      objectReference: {fileID: 0}
    m_RemovedComponents:
    - {fileID: 6302889102907805711, guid: 2a23f3e656e882441b52062e396cac07, type: 3}
  m_SourcePrefab: {fileID: 100100000, guid: 2a23f3e656e882441b52062e396cac07, type: 3}
--- !u!1 &4530967260193416447 stripped
GameObject:
  m_CorrespondingSourceObject: {fileID: 643315748042333202, guid: 2a23f3e656e882441b52062e396cac07,
    type: 3}
  m_PrefabInstance: {fileID: 3894697733499042029}
  m_PrefabAsset: {fileID: 0}
--- !u!224 &1963243050417893734 stripped
RectTransform:
  m_CorrespondingSourceObject: {fileID: 3256781836362385803, guid: 2a23f3e656e882441b52062e396cac07,
    type: 3}
  m_PrefabInstance: {fileID: 3894697733499042029}
  m_PrefabAsset: {fileID: 0}
--- !u!1 &5130285887915821655 stripped
GameObject:
  m_CorrespondingSourceObject: {fileID: 8160189515744850618, guid: 2a23f3e656e882441b52062e396cac07,
    type: 3}
  m_PrefabInstance: {fileID: 3894697733499042029}
  m_PrefabAsset: {fileID: 0}
--- !u!114 &8897076190031797065
MonoBehaviour:
  m_ObjectHideFlags: 0
  m_CorrespondingSourceObject: {fileID: 0}
  m_PrefabInstance: {fileID: 0}
  m_PrefabAsset: {fileID: 0}
  m_GameObject: {fileID: 4530967260193416447}
  m_Enabled: 1
  m_EditorHideFlags: 0
  m_Script: {fileID: 11500000, guid: d74812741292408ab103c5a98429ab3a, type: 3}
  m_Name: 
  m_EditorClassIdentifier: 
  module: 0
  stepIds:
  - core_tapSector
  onSetStateValid:
    m_PersistentCalls:
      m_Calls:
      - m_Target: {fileID: 5130285887915821655}
        m_TargetAssemblyTypeName: UnityEngine.GameObject, UnityEngine
        m_MethodName: SetActive
        m_Mode: 0
        m_Arguments:
          m_ObjectArgument: {fileID: 0}
          m_ObjectArgumentAssemblyTypeName: UnityEngine.Object, UnityEngine
          m_IntArgument: 0
          m_FloatArgument: 0
          m_StringArgument: 
          m_BoolArgument: 0
        m_CallState: 2
      - m_Target: {fileID: 4719828386152914101}
        m_TargetAssemblyTypeName: Core.Gameplay.Sectors.SectorMarker, Assembly-CSharp
        m_MethodName: SetInteractable
        m_Mode: 0
        m_Arguments:
          m_ObjectArgument: {fileID: 0}
          m_ObjectArgumentAssemblyTypeName: UnityEngine.Object, UnityEngine
          m_IntArgument: 0
          m_FloatArgument: 0
          m_StringArgument: 
          m_BoolArgument: 0
        m_CallState: 2
  onComplete:
    m_PersistentCalls:
      m_Calls:
      - m_Target: {fileID: 5130285887915821655}
        m_TargetAssemblyTypeName: UnityEngine.GameObject, UnityEngine
        m_MethodName: SetActive
        m_Mode: 6
        m_Arguments:
          m_ObjectArgument: {fileID: 0}
          m_ObjectArgumentAssemblyTypeName: UnityEngine.Object, UnityEngine
          m_IntArgument: 0
          m_FloatArgument: 0
          m_StringArgument: 
          m_BoolArgument: 0
        m_CallState: 2
      - m_Target: {fileID: 4719828386152914101}
        m_TargetAssemblyTypeName: Core.Gameplay.Sectors.SectorMarker, Assembly-CSharp
        m_MethodName: SetInteractable
        m_Mode: 6
        m_Arguments:
          m_ObjectArgument: {fileID: 0}
          m_ObjectArgumentAssemblyTypeName: UnityEngine.Object, UnityEngine
          m_IntArgument: 0
          m_FloatArgument: 0
          m_StringArgument: 
          m_BoolArgument: 1
        m_CallState: 2
  marker: {fileID: 4719828386152914101}
  targetMarkerId: sector_1_0
--- !u!1001 &5129161559838454636
PrefabInstance:
  m_ObjectHideFlags: 0
  serializedVersion: 2
  m_Modification:
    m_TransformParent: {fileID: 7592027519113070595}
    m_Modifications:
    - target: {fileID: 1922394207002177248, guid: 0db997325ec8246408baa43baab487ac,
        type: 3}
      propertyPath: m_Sprite
      value: 
      objectReference: {fileID: 21300000, guid: 3a8f72350f06f26428fb0d5524479c9a,
        type: 3}
    - target: {fileID: 3243659370549689186, guid: 0db997325ec8246408baa43baab487ac,
        type: 3}
      propertyPath: m_Name
      value: SectorEffectDisplay (1)
      objectReference: {fileID: 0}
    - target: {fileID: 8216957716085082842, guid: 0db997325ec8246408baa43baab487ac,
        type: 3}
      propertyPath: m_Pivot.x
      value: 0.5
      objectReference: {fileID: 0}
    - target: {fileID: 8216957716085082842, guid: 0db997325ec8246408baa43baab487ac,
        type: 3}
      propertyPath: m_Pivot.y
      value: 0.5
      objectReference: {fileID: 0}
    - target: {fileID: 8216957716085082842, guid: 0db997325ec8246408baa43baab487ac,
        type: 3}
      propertyPath: m_RootOrder
      value: 1
      objectReference: {fileID: 0}
    - target: {fileID: 8216957716085082842, guid: 0db997325ec8246408baa43baab487ac,
        type: 3}
      propertyPath: m_AnchorMax.x
      value: 0
      objectReference: {fileID: 0}
    - target: {fileID: 8216957716085082842, guid: 0db997325ec8246408baa43baab487ac,
        type: 3}
      propertyPath: m_AnchorMax.y
      value: 0
      objectReference: {fileID: 0}
    - target: {fileID: 8216957716085082842, guid: 0db997325ec8246408baa43baab487ac,
        type: 3}
      propertyPath: m_AnchorMin.x
      value: 0
      objectReference: {fileID: 0}
    - target: {fileID: 8216957716085082842, guid: 0db997325ec8246408baa43baab487ac,
        type: 3}
      propertyPath: m_AnchorMin.y
      value: 0
      objectReference: {fileID: 0}
    - target: {fileID: 8216957716085082842, guid: 0db997325ec8246408baa43baab487ac,
        type: 3}
      propertyPath: m_SizeDelta.x
      value: 24
      objectReference: {fileID: 0}
    - target: {fileID: 8216957716085082842, guid: 0db997325ec8246408baa43baab487ac,
        type: 3}
      propertyPath: m_SizeDelta.y
      value: 24
      objectReference: {fileID: 0}
    - target: {fileID: 8216957716085082842, guid: 0db997325ec8246408baa43baab487ac,
        type: 3}
      propertyPath: m_LocalPosition.x
      value: 0
      objectReference: {fileID: 0}
    - target: {fileID: 8216957716085082842, guid: 0db997325ec8246408baa43baab487ac,
        type: 3}
      propertyPath: m_LocalPosition.y
      value: 0
      objectReference: {fileID: 0}
    - target: {fileID: 8216957716085082842, guid: 0db997325ec8246408baa43baab487ac,
        type: 3}
      propertyPath: m_LocalPosition.z
      value: 0
      objectReference: {fileID: 0}
    - target: {fileID: 8216957716085082842, guid: 0db997325ec8246408baa43baab487ac,
        type: 3}
      propertyPath: m_LocalRotation.w
      value: 1
      objectReference: {fileID: 0}
    - target: {fileID: 8216957716085082842, guid: 0db997325ec8246408baa43baab487ac,
        type: 3}
      propertyPath: m_LocalRotation.x
      value: 0
      objectReference: {fileID: 0}
    - target: {fileID: 8216957716085082842, guid: 0db997325ec8246408baa43baab487ac,
        type: 3}
      propertyPath: m_LocalRotation.y
      value: 0
      objectReference: {fileID: 0}
    - target: {fileID: 8216957716085082842, guid: 0db997325ec8246408baa43baab487ac,
        type: 3}
      propertyPath: m_LocalRotation.z
      value: 0
      objectReference: {fileID: 0}
    - target: {fileID: 8216957716085082842, guid: 0db997325ec8246408baa43baab487ac,
        type: 3}
      propertyPath: m_AnchoredPosition.x
      value: 0
      objectReference: {fileID: 0}
    - target: {fileID: 8216957716085082842, guid: 0db997325ec8246408baa43baab487ac,
        type: 3}
      propertyPath: m_AnchoredPosition.y
      value: 0
      objectReference: {fileID: 0}
    - target: {fileID: 8216957716085082842, guid: 0db997325ec8246408baa43baab487ac,
        type: 3}
      propertyPath: m_LocalEulerAnglesHint.x
      value: 0
      objectReference: {fileID: 0}
    - target: {fileID: 8216957716085082842, guid: 0db997325ec8246408baa43baab487ac,
        type: 3}
      propertyPath: m_LocalEulerAnglesHint.y
      value: 0
      objectReference: {fileID: 0}
    - target: {fileID: 8216957716085082842, guid: 0db997325ec8246408baa43baab487ac,
        type: 3}
      propertyPath: m_LocalEulerAnglesHint.z
      value: 0
      objectReference: {fileID: 0}
    m_RemovedComponents: []
  m_SourcePrefab: {fileID: 100100000, guid: 0db997325ec8246408baa43baab487ac, type: 3}
--- !u!224 &3829764761800309174 stripped
RectTransform:
  m_CorrespondingSourceObject: {fileID: 8216957716085082842, guid: 0db997325ec8246408baa43baab487ac,
    type: 3}
  m_PrefabInstance: {fileID: 5129161559838454636}
  m_PrefabAsset: {fileID: 0}
--- !u!114 &8801864193743240481 stripped
MonoBehaviour:
  m_CorrespondingSourceObject: {fileID: 4398030683957218893, guid: 0db997325ec8246408baa43baab487ac,
    type: 3}
  m_PrefabInstance: {fileID: 5129161559838454636}
  m_PrefabAsset: {fileID: 0}
  m_GameObject: {fileID: 0}
  m_Enabled: 1
  m_EditorHideFlags: 0
  m_Script: {fileID: 11500000, guid: a1f78acbebdc4306a6edec31db05c6d3, type: 3}
  m_Name: 
  m_EditorClassIdentifier: 
--- !u!1001 &5228170185349268909
PrefabInstance:
  m_ObjectHideFlags: 0
  serializedVersion: 2
  m_Modification:
    m_TransformParent: {fileID: 7054146644901824515}
    m_Modifications:
    - target: {fileID: 1922394207002177248, guid: 0db997325ec8246408baa43baab487ac,
        type: 3}
      propertyPath: m_Sprite
      value: 
      objectReference: {fileID: 21300000, guid: 85e68628ce7621c4f9a743f0a4efc76a,
        type: 3}
    - target: {fileID: 3243659370549689186, guid: 0db997325ec8246408baa43baab487ac,
        type: 3}
      propertyPath: m_Name
      value: SectorEffectDisplay (1)
      objectReference: {fileID: 0}
    - target: {fileID: 8216957716085082842, guid: 0db997325ec8246408baa43baab487ac,
        type: 3}
      propertyPath: m_Pivot.x
      value: 0.5
      objectReference: {fileID: 0}
    - target: {fileID: 8216957716085082842, guid: 0db997325ec8246408baa43baab487ac,
        type: 3}
      propertyPath: m_Pivot.y
      value: 0.5
      objectReference: {fileID: 0}
    - target: {fileID: 8216957716085082842, guid: 0db997325ec8246408baa43baab487ac,
        type: 3}
      propertyPath: m_RootOrder
      value: 1
      objectReference: {fileID: 0}
    - target: {fileID: 8216957716085082842, guid: 0db997325ec8246408baa43baab487ac,
        type: 3}
      propertyPath: m_AnchorMax.x
      value: 0
      objectReference: {fileID: 0}
    - target: {fileID: 8216957716085082842, guid: 0db997325ec8246408baa43baab487ac,
        type: 3}
      propertyPath: m_AnchorMax.y
      value: 0
      objectReference: {fileID: 0}
    - target: {fileID: 8216957716085082842, guid: 0db997325ec8246408baa43baab487ac,
        type: 3}
      propertyPath: m_AnchorMin.x
      value: 0
      objectReference: {fileID: 0}
    - target: {fileID: 8216957716085082842, guid: 0db997325ec8246408baa43baab487ac,
        type: 3}
      propertyPath: m_AnchorMin.y
      value: 0
      objectReference: {fileID: 0}
    - target: {fileID: 8216957716085082842, guid: 0db997325ec8246408baa43baab487ac,
        type: 3}
      propertyPath: m_SizeDelta.x
      value: 24
      objectReference: {fileID: 0}
    - target: {fileID: 8216957716085082842, guid: 0db997325ec8246408baa43baab487ac,
        type: 3}
      propertyPath: m_SizeDelta.y
      value: 24
      objectReference: {fileID: 0}
    - target: {fileID: 8216957716085082842, guid: 0db997325ec8246408baa43baab487ac,
        type: 3}
      propertyPath: m_LocalPosition.x
      value: 0
      objectReference: {fileID: 0}
    - target: {fileID: 8216957716085082842, guid: 0db997325ec8246408baa43baab487ac,
        type: 3}
      propertyPath: m_LocalPosition.y
      value: 0
      objectReference: {fileID: 0}
    - target: {fileID: 8216957716085082842, guid: 0db997325ec8246408baa43baab487ac,
        type: 3}
      propertyPath: m_LocalPosition.z
      value: 0
      objectReference: {fileID: 0}
    - target: {fileID: 8216957716085082842, guid: 0db997325ec8246408baa43baab487ac,
        type: 3}
      propertyPath: m_LocalRotation.w
      value: 1
      objectReference: {fileID: 0}
    - target: {fileID: 8216957716085082842, guid: 0db997325ec8246408baa43baab487ac,
        type: 3}
      propertyPath: m_LocalRotation.x
      value: 0
      objectReference: {fileID: 0}
    - target: {fileID: 8216957716085082842, guid: 0db997325ec8246408baa43baab487ac,
        type: 3}
      propertyPath: m_LocalRotation.y
      value: 0
      objectReference: {fileID: 0}
    - target: {fileID: 8216957716085082842, guid: 0db997325ec8246408baa43baab487ac,
        type: 3}
      propertyPath: m_LocalRotation.z
      value: 0
      objectReference: {fileID: 0}
    - target: {fileID: 8216957716085082842, guid: 0db997325ec8246408baa43baab487ac,
        type: 3}
      propertyPath: m_AnchoredPosition.x
      value: 0
      objectReference: {fileID: 0}
    - target: {fileID: 8216957716085082842, guid: 0db997325ec8246408baa43baab487ac,
        type: 3}
      propertyPath: m_AnchoredPosition.y
      value: 0
      objectReference: {fileID: 0}
    - target: {fileID: 8216957716085082842, guid: 0db997325ec8246408baa43baab487ac,
        type: 3}
      propertyPath: m_LocalEulerAnglesHint.x
      value: 0
      objectReference: {fileID: 0}
    - target: {fileID: 8216957716085082842, guid: 0db997325ec8246408baa43baab487ac,
        type: 3}
      propertyPath: m_LocalEulerAnglesHint.y
      value: 0
      objectReference: {fileID: 0}
    - target: {fileID: 8216957716085082842, guid: 0db997325ec8246408baa43baab487ac,
        type: 3}
      propertyPath: m_LocalEulerAnglesHint.z
      value: 0
      objectReference: {fileID: 0}
    m_RemovedComponents: []
  m_SourcePrefab: {fileID: 100100000, guid: 0db997325ec8246408baa43baab487ac, type: 3}
--- !u!114 &8468667872271518688 stripped
MonoBehaviour:
  m_CorrespondingSourceObject: {fileID: 4398030683957218893, guid: 0db997325ec8246408baa43baab487ac,
    type: 3}
  m_PrefabInstance: {fileID: 5228170185349268909}
  m_PrefabAsset: {fileID: 0}
  m_GameObject: {fileID: 0}
  m_Enabled: 1
  m_EditorHideFlags: 0
  m_Script: {fileID: 11500000, guid: a1f78acbebdc4306a6edec31db05c6d3, type: 3}
  m_Name: 
  m_EditorClassIdentifier: 
--- !u!224 &4217144500966920055 stripped
RectTransform:
  m_CorrespondingSourceObject: {fileID: 8216957716085082842, guid: 0db997325ec8246408baa43baab487ac,
    type: 3}
  m_PrefabInstance: {fileID: 5228170185349268909}
  m_PrefabAsset: {fileID: 0}
--- !u!1001 &6132875189541139793
PrefabInstance:
  m_ObjectHideFlags: 0
  serializedVersion: 2
  m_Modification:
    m_TransformParent: {fileID: 3521068785751712718}
    m_Modifications:
    - target: {fileID: 643315748042333202, guid: 2a23f3e656e882441b52062e396cac07,
        type: 3}
      propertyPath: m_Name
      value: FTUE_StepPointer_UI (1)
      objectReference: {fileID: 0}
    - target: {fileID: 3256781836362385803, guid: 2a23f3e656e882441b52062e396cac07,
        type: 3}
      propertyPath: m_Pivot.x
      value: 0.5
      objectReference: {fileID: 0}
    - target: {fileID: 3256781836362385803, guid: 2a23f3e656e882441b52062e396cac07,
        type: 3}
      propertyPath: m_Pivot.y
      value: 0.5
      objectReference: {fileID: 0}
    - target: {fileID: 3256781836362385803, guid: 2a23f3e656e882441b52062e396cac07,
        type: 3}
      propertyPath: m_RootOrder
      value: 7
      objectReference: {fileID: 0}
    - target: {fileID: 3256781836362385803, guid: 2a23f3e656e882441b52062e396cac07,
        type: 3}
      propertyPath: m_AnchorMax.x
      value: 0.5
      objectReference: {fileID: 0}
    - target: {fileID: 3256781836362385803, guid: 2a23f3e656e882441b52062e396cac07,
        type: 3}
      propertyPath: m_AnchorMax.y
      value: 0.5
      objectReference: {fileID: 0}
    - target: {fileID: 3256781836362385803, guid: 2a23f3e656e882441b52062e396cac07,
        type: 3}
      propertyPath: m_AnchorMin.x
      value: 0.5
      objectReference: {fileID: 0}
    - target: {fileID: 3256781836362385803, guid: 2a23f3e656e882441b52062e396cac07,
        type: 3}
      propertyPath: m_AnchorMin.y
      value: 0.5
      objectReference: {fileID: 0}
    - target: {fileID: 3256781836362385803, guid: 2a23f3e656e882441b52062e396cac07,
        type: 3}
      propertyPath: m_SizeDelta.x
      value: 100
      objectReference: {fileID: 0}
    - target: {fileID: 3256781836362385803, guid: 2a23f3e656e882441b52062e396cac07,
        type: 3}
      propertyPath: m_SizeDelta.y
      value: 100
      objectReference: {fileID: 0}
    - target: {fileID: 3256781836362385803, guid: 2a23f3e656e882441b52062e396cac07,
        type: 3}
      propertyPath: m_LocalPosition.x
      value: 0
      objectReference: {fileID: 0}
    - target: {fileID: 3256781836362385803, guid: 2a23f3e656e882441b52062e396cac07,
        type: 3}
      propertyPath: m_LocalPosition.y
      value: 0
      objectReference: {fileID: 0}
    - target: {fileID: 3256781836362385803, guid: 2a23f3e656e882441b52062e396cac07,
        type: 3}
      propertyPath: m_LocalPosition.z
      value: 0
      objectReference: {fileID: 0}
    - target: {fileID: 3256781836362385803, guid: 2a23f3e656e882441b52062e396cac07,
        type: 3}
      propertyPath: m_LocalRotation.w
      value: 1
      objectReference: {fileID: 0}
    - target: {fileID: 3256781836362385803, guid: 2a23f3e656e882441b52062e396cac07,
        type: 3}
      propertyPath: m_LocalRotation.x
      value: 0
      objectReference: {fileID: 0}
    - target: {fileID: 3256781836362385803, guid: 2a23f3e656e882441b52062e396cac07,
        type: 3}
      propertyPath: m_LocalRotation.y
      value: 0
      objectReference: {fileID: 0}
    - target: {fileID: 3256781836362385803, guid: 2a23f3e656e882441b52062e396cac07,
        type: 3}
      propertyPath: m_LocalRotation.z
      value: 0
      objectReference: {fileID: 0}
    - target: {fileID: 3256781836362385803, guid: 2a23f3e656e882441b52062e396cac07,
        type: 3}
      propertyPath: m_AnchoredPosition.x
      value: 0
      objectReference: {fileID: 0}
    - target: {fileID: 3256781836362385803, guid: 2a23f3e656e882441b52062e396cac07,
        type: 3}
      propertyPath: m_AnchoredPosition.y
      value: 0
      objectReference: {fileID: 0}
    - target: {fileID: 3256781836362385803, guid: 2a23f3e656e882441b52062e396cac07,
        type: 3}
      propertyPath: m_LocalEulerAnglesHint.x
      value: 0
      objectReference: {fileID: 0}
    - target: {fileID: 3256781836362385803, guid: 2a23f3e656e882441b52062e396cac07,
        type: 3}
      propertyPath: m_LocalEulerAnglesHint.y
      value: 0
      objectReference: {fileID: 0}
    - target: {fileID: 3256781836362385803, guid: 2a23f3e656e882441b52062e396cac07,
        type: 3}
      propertyPath: m_LocalEulerAnglesHint.z
      value: 0
      objectReference: {fileID: 0}
    m_RemovedComponents:
    - {fileID: 6302889102907805711, guid: 2a23f3e656e882441b52062e396cac07, type: 3}
  m_SourcePrefab: {fileID: 100100000, guid: 2a23f3e656e882441b52062e396cac07, type: 3}
--- !u!224 &8659912661241494746 stripped
RectTransform:
  m_CorrespondingSourceObject: {fileID: 3256781836362385803, guid: 2a23f3e656e882441b52062e396cac07,
    type: 3}
  m_PrefabInstance: {fileID: 6132875189541139793}
  m_PrefabAsset: {fileID: 0}
--- !u!1 &6769434974951942467 stripped
GameObject:
  m_CorrespondingSourceObject: {fileID: 643315748042333202, guid: 2a23f3e656e882441b52062e396cac07,
    type: 3}
  m_PrefabInstance: {fileID: 6132875189541139793}
  m_PrefabAsset: {fileID: 0}
--- !u!1 &2603793465937577963 stripped
GameObject:
  m_CorrespondingSourceObject: {fileID: 8160189515744850618, guid: 2a23f3e656e882441b52062e396cac07,
    type: 3}
  m_PrefabInstance: {fileID: 6132875189541139793}
  m_PrefabAsset: {fileID: 0}
--- !u!114 &5611445617925093390
MonoBehaviour:
  m_ObjectHideFlags: 0
  m_CorrespondingSourceObject: {fileID: 0}
  m_PrefabInstance: {fileID: 0}
  m_PrefabAsset: {fileID: 0}
  m_GameObject: {fileID: 6769434974951942467}
  m_Enabled: 1
  m_EditorHideFlags: 0
  m_Script: {fileID: 11500000, guid: d74812741292408ab103c5a98429ab3a, type: 3}
  m_Name: 
  m_EditorClassIdentifier: 
  module: 0
  stepIds:
  - core_tapNextSector
  onSetStateValid:
    m_PersistentCalls:
      m_Calls:
      - m_Target: {fileID: 2603793465937577963}
        m_TargetAssemblyTypeName: UnityEngine.GameObject, UnityEngine
        m_MethodName: SetActive
        m_Mode: 0
        m_Arguments:
          m_ObjectArgument: {fileID: 0}
          m_ObjectArgumentAssemblyTypeName: UnityEngine.Object, UnityEngine
          m_IntArgument: 0
          m_FloatArgument: 0
          m_StringArgument: 
          m_BoolArgument: 0
        m_CallState: 2
      - m_Target: {fileID: 4719828386152914101}
        m_TargetAssemblyTypeName: Core.Gameplay.Sectors.SectorMarker, Assembly-CSharp
        m_MethodName: SetInteractable
        m_Mode: 0
        m_Arguments:
          m_ObjectArgument: {fileID: 0}
          m_ObjectArgumentAssemblyTypeName: UnityEngine.Object, UnityEngine
          m_IntArgument: 0
          m_FloatArgument: 0
          m_StringArgument: 
          m_BoolArgument: 0
        m_CallState: 2
  onComplete:
    m_PersistentCalls:
      m_Calls:
      - m_Target: {fileID: 2603793465937577963}
        m_TargetAssemblyTypeName: UnityEngine.GameObject, UnityEngine
        m_MethodName: SetActive
        m_Mode: 6
        m_Arguments:
          m_ObjectArgument: {fileID: 0}
          m_ObjectArgumentAssemblyTypeName: UnityEngine.Object, UnityEngine
          m_IntArgument: 0
          m_FloatArgument: 0
          m_StringArgument: 
          m_BoolArgument: 0
        m_CallState: 2
      - m_Target: {fileID: 4719828386152914101}
        m_TargetAssemblyTypeName: Core.Gameplay.Sectors.SectorMarker, Assembly-CSharp
        m_MethodName: SetInteractable
        m_Mode: 6
        m_Arguments:
          m_ObjectArgument: {fileID: 0}
          m_ObjectArgumentAssemblyTypeName: UnityEngine.Object, UnityEngine
          m_IntArgument: 0
          m_FloatArgument: 0
          m_StringArgument: 
          m_BoolArgument: 1
        m_CallState: 2
  marker: {fileID: 4719828386152914101}
  targetMarkerId: sector_2_1
--- !u!1001 &9198352538899478655
PrefabInstance:
  m_ObjectHideFlags: 0
  serializedVersion: 2
  m_Modification:
    m_TransformParent: {fileID: 7054146644901824515}
    m_Modifications:
    - target: {fileID: 1922394207002177248, guid: 0db997325ec8246408baa43baab487ac,
        type: 3}
      propertyPath: m_Sprite
      value: 
      objectReference: {fileID: 21300000, guid: 85e68628ce7621c4f9a743f0a4efc76a,
        type: 3}
    - target: {fileID: 3243659370549689186, guid: 0db997325ec8246408baa43baab487ac,
        type: 3}
      propertyPath: m_Name
      value: SectorEffectDisplay
      objectReference: {fileID: 0}
    - target: {fileID: 8216957716085082842, guid: 0db997325ec8246408baa43baab487ac,
        type: 3}
      propertyPath: m_Pivot.x
      value: 0.5
      objectReference: {fileID: 0}
    - target: {fileID: 8216957716085082842, guid: 0db997325ec8246408baa43baab487ac,
        type: 3}
      propertyPath: m_Pivot.y
      value: 0.5
      objectReference: {fileID: 0}
    - target: {fileID: 8216957716085082842, guid: 0db997325ec8246408baa43baab487ac,
        type: 3}
      propertyPath: m_RootOrder
      value: 0
      objectReference: {fileID: 0}
    - target: {fileID: 8216957716085082842, guid: 0db997325ec8246408baa43baab487ac,
        type: 3}
      propertyPath: m_AnchorMax.x
      value: 0
      objectReference: {fileID: 0}
    - target: {fileID: 8216957716085082842, guid: 0db997325ec8246408baa43baab487ac,
        type: 3}
      propertyPath: m_AnchorMax.y
      value: 0
      objectReference: {fileID: 0}
    - target: {fileID: 8216957716085082842, guid: 0db997325ec8246408baa43baab487ac,
        type: 3}
      propertyPath: m_AnchorMin.x
      value: 0
      objectReference: {fileID: 0}
    - target: {fileID: 8216957716085082842, guid: 0db997325ec8246408baa43baab487ac,
        type: 3}
      propertyPath: m_AnchorMin.y
      value: 0
      objectReference: {fileID: 0}
    - target: {fileID: 8216957716085082842, guid: 0db997325ec8246408baa43baab487ac,
        type: 3}
      propertyPath: m_SizeDelta.x
      value: 24
      objectReference: {fileID: 0}
    - target: {fileID: 8216957716085082842, guid: 0db997325ec8246408baa43baab487ac,
        type: 3}
      propertyPath: m_SizeDelta.y
      value: 24
      objectReference: {fileID: 0}
    - target: {fileID: 8216957716085082842, guid: 0db997325ec8246408baa43baab487ac,
        type: 3}
      propertyPath: m_LocalPosition.x
      value: 0
      objectReference: {fileID: 0}
    - target: {fileID: 8216957716085082842, guid: 0db997325ec8246408baa43baab487ac,
        type: 3}
      propertyPath: m_LocalPosition.y
      value: 0
      objectReference: {fileID: 0}
    - target: {fileID: 8216957716085082842, guid: 0db997325ec8246408baa43baab487ac,
        type: 3}
      propertyPath: m_LocalPosition.z
      value: 0
      objectReference: {fileID: 0}
    - target: {fileID: 8216957716085082842, guid: 0db997325ec8246408baa43baab487ac,
        type: 3}
      propertyPath: m_LocalRotation.w
      value: 1
      objectReference: {fileID: 0}
    - target: {fileID: 8216957716085082842, guid: 0db997325ec8246408baa43baab487ac,
        type: 3}
      propertyPath: m_LocalRotation.x
      value: 0
      objectReference: {fileID: 0}
    - target: {fileID: 8216957716085082842, guid: 0db997325ec8246408baa43baab487ac,
        type: 3}
      propertyPath: m_LocalRotation.y
      value: 0
      objectReference: {fileID: 0}
    - target: {fileID: 8216957716085082842, guid: 0db997325ec8246408baa43baab487ac,
        type: 3}
      propertyPath: m_LocalRotation.z
      value: 0
      objectReference: {fileID: 0}
    - target: {fileID: 8216957716085082842, guid: 0db997325ec8246408baa43baab487ac,
        type: 3}
      propertyPath: m_AnchoredPosition.x
      value: 0
      objectReference: {fileID: 0}
    - target: {fileID: 8216957716085082842, guid: 0db997325ec8246408baa43baab487ac,
        type: 3}
      propertyPath: m_AnchoredPosition.y
      value: 0
      objectReference: {fileID: 0}
    - target: {fileID: 8216957716085082842, guid: 0db997325ec8246408baa43baab487ac,
        type: 3}
      propertyPath: m_LocalEulerAnglesHint.x
      value: 0
      objectReference: {fileID: 0}
    - target: {fileID: 8216957716085082842, guid: 0db997325ec8246408baa43baab487ac,
        type: 3}
      propertyPath: m_LocalEulerAnglesHint.y
      value: 0
      objectReference: {fileID: 0}
    - target: {fileID: 8216957716085082842, guid: 0db997325ec8246408baa43baab487ac,
        type: 3}
      propertyPath: m_LocalEulerAnglesHint.z
      value: 0
      objectReference: {fileID: 0}
    m_RemovedComponents: []
  m_SourcePrefab: {fileID: 100100000, guid: 0db997325ec8246408baa43baab487ac, type: 3}
--- !u!224 &986116140776452773 stripped
RectTransform:
  m_CorrespondingSourceObject: {fileID: 8216957716085082842, guid: 0db997325ec8246408baa43baab487ac,
    type: 3}
  m_PrefabInstance: {fileID: 9198352538899478655}
  m_PrefabAsset: {fileID: 0}
--- !u!114 &4805320447940081202 stripped
MonoBehaviour:
  m_CorrespondingSourceObject: {fileID: 4398030683957218893, guid: 0db997325ec8246408baa43baab487ac,
    type: 3}
  m_PrefabInstance: {fileID: 9198352538899478655}
  m_PrefabAsset: {fileID: 0}
  m_GameObject: {fileID: 0}
  m_Enabled: 1
  m_EditorHideFlags: 0
  m_Script: {fileID: 11500000, guid: a1f78acbebdc4306a6edec31db05c6d3, type: 3}
  m_Name: 
  m_EditorClassIdentifier: 
